1515 2351
114 385 157 417 29

113 1137 154 1167 30

384 115 549 153 PLINY
565 130 573 153 ε
626 116 891 154 NATURAL
927 115 1165 154 HISTORY

180 232 330 257 oceano
345 218 432 263 hoc,
448 225 492 256 ut
507 232 578 256 suo
592 219 678 256 loco
691 219 884 262 dicemus,
899 218 1137 262 infunditur,
1150 224 1365 269 totumque

181 273 368 310 Caucasis
389 273 591 309 montibus
611 275 797 323 cingitur.

235 327 393 364 Incolae
414 339 485 376 per
503 326 718 363 confinium
739 327 956 363 Armeniae
977 338 1082 362 nunc
1103 325 1298 362 dicentur.

236 380 307 417 XI.
338 379 550 417 Planitiem
582 393 741 416 omnem
774 393 797 416 a
828 379 932 429 Cyro
962 391 1091 429 usque
1119 377 1366 416 Albanorum

181 446 280 483 gens
319 439 448 478 tenet,
485 447 578 470 mox
618 433 814 470 Hiberum
851 433 1024 470 discreta
1062 432 1113 469 ab
1150 431 1210 469 his
1247 445 1365 469 amne

182 485 389 523 Alazonel
425 490 466 524 in
501 486 650 537 Cyrum
686 486 872 524 Caucasis
908 486 1110 523 montibus
1146 485 1365 523 defluente.

181 540 414 590 praevalent
465 540 613 590 oppida
664 540 861 577 Albaniae
912 539 1126 583 Cabalaca‚
1178 538 1368 577 Hiberiae

182 594 421 631 Hermastus
434 597 549 630 iuxta
569 594 718 631 flumen
739 593 968 630 et²Neoris.
1009 592 1212 642 regiones³
1225 592 1369 630 Thasie

181 654 223 685 et
247 647 410 685 Thriare
437 661 562 698 usque
587 648 639 684 ad
666 647 901 684 Parihedros
927 653 1106 689 montes;
1144 646 1248 683 ultra
1273 653 1364 684 sunt

181 701 392 739 Colchicae
414 701 663 745 solitudines,
688 715 857 751 quarum
880 714 902 737 a
925 700 1054 737 latere
1077 699 1128 737 ad
1152 699 1368 737 Ceraunios

182 768 294 792 verso
348 754 718 805 Armenochalybes
773 754 959 791 habitant
1013 759 1055 791 et
1111 752 1367 791 Moschorum

180 815 334 846 tractus
355 809 406 846 ad
427 809 623 845 Hiberum
643 821 805 845 amnem
825 811 866 845 in
886 808 1035 858 Cyrum
1055 807 1302 844 defluentem
1324 813 1366 845 et

181 862 282 899 infra
312 875 379 900 eos
407 861 594 899 Sacasani
625 868 666 899 et
695 862 842 899 deinde
873 861 1110 898 Macerones
1139 860 1191 898 ad
1219 860 1367 898 flumen

181 916 413 953 Absarrum.
468 919 522 953 sic
541 915 661 966 plana
681 921 751 952 aut
771 915 926 952 devexa
946 917 1203 964 optinentur;
1236 928 1368 951 rursus

181 970 232 1006 ab
266 970 464 1007 Albaniae
497 970 668 1006 confinio
701 975 790 1006 tota
823 971 1021 1006 montium
1056 967 1188 1005 fronte
1222 974 1366 1017 gentes

180 1023 376 1060 Silvorum
401 1023 510 1060 ferae
536 1030 575 1060 et
608 1023 709 1060 infra
736 1022 1022 1072 Lupeniorum,
1043 1035 1134 1059 mox
1163 1022 1304 1058 Diduri
1327 1028 1367 1059 et

180 1077 287 1114 Sodi.

233 1130 326 1167 XII.
357 1130 421 1167 Ab
448 1133 493 1167 iis
521 1136 614 1167 sunt
643 1129 790 1167 Portae
815 1129 1034 1166 Caucasiae
1062 1142 1209 1179 magno
1236 1142 1367 1166 errore

181 1184 316 1221 multis
337 1184 508 1234 Caspiae
528 1184 676 1227 dictae,
695 1186 836 1233 ingens
858 1189 1026 1220 naturae
1047 1196 1146 1232 opus
1166 1183 1367 1219 montibus

181 1241 414 1288 interruptis
463 1244 646 1288 repente,
695 1237 760 1274 ubi
810 1236 914 1274 fores
963 1237 1155 1274 additae⁴
1210 1235 1368 1273 ferratis

180 1292 376 1335 trabibus,
413 1291 552 1329 subter
589 1291 743 1328 medias
781 1304 898 1328 amne
937 1290 1010 1327 diri
1048 1290 1178 1327 odoris
1216 1289 1368 1327 fluente

180 1349 361 1395 citraque
380 1348 421 1382 in
439 1358 538 1395 rupe
555 1344 722 1382 castello
741 1344 849 1395 quod
868 1350 1033 1381 vocatur
1051 1343 1246 1380 Cumania
1263 1357 1368 1380 com-

182 1402 336 1436 munito
365 1399 416 1435 ad
445 1398 638 1436 arcendas
667 1401 840 1435 transitu
870 1404 1013 1448 gentes
1042 1400 1286 1441 innumeras,
1314 1397 1366 1434 ibi

180 1453 253 1489 loci
272 1459 468 1490 terrarum
485 1453 581 1489 orbe
599 1455 723 1502 portis
740 1452 925 1495 discluso,
943 1464 991 1488 ex
1010 1451 1176 1488 adverso
1193 1453 1367 1488 maxime

182 1507 385 1543 Hermasti
423 1506 559 1556 oppidi
599 1505 808 1542 Hiberum.
863 1519 886 1542 a
919 1507 1044 1555 portis
1078 1504 1264 1542 Caucasis
1297 1517 1368 1554 per

233 1625 244 1644 ¹
270 1625 468 1656 Hermolaus
484 1635 499 1656 e
516 1624 624 1655 Strab.
641 1636 648 1656 ε
681 1624 848 1655 Ocazane.
963 1623 976 1642 ²
1000 1626 1035 1654 et
1050 1622 1126 1654 add.
1145 1621 1323 1654 Rackham.

405 1669 417 1687 ³
442 1668 633 1699 Rackham:
664 1668 766 1709 regio.
872 1666 885 1685 ⁴
914 1664 969 1698 VJ.
986 1666 1137 1698 obditae.

227 1824 241 1838 ⁶
265 1819 438 1860 Probably
458 1819 516 1850 the
538 1829 616 1860 pass
638 1818 676 1850 of
694 1817 821 1855 Dariel,
843 1817 960 1858 nearly
984 1818 1017 1848 in
1039 1817 1098 1849 the
1118 1821 1233 1848 centro
1254 1817 1292 1848 os
1310 1817 1367 1849 the

181 1863 352 1894 Caucasus
388 1872 508 1903 range:
556 1861 628 1893 also
662 1861 771 1893 called
806 1861 1017 1894 Sarmaticae
1053 1859 1167 1901 Pylae.
1216 1859 1369 1891 Another

181 1907 370 1947 important
389 1916 467 1947 pass
485 1906 512 1937 is
530 1905 683 1936 between
701 1905 760 1936 the
777 1904 871 1935 chief
886 1903 1138 1935 north-eastern
1156 1913 1239 1943 spur
1256 1903 1295 1934 of
1309 1903 1367 1935 tho

180 1959 283 1990 range
311 1949 380 1980 and
408 1948 467 1980 the
494 1948 642 1989 Cuspian
671 1948 745 1985 Sea,
775 1957 856 1979 near
885 1946 1064 1983 Derbend;
1107 1947 1134 1977 it
1163 1956 1230 1977 was
1258 1945 1367 1978 called

181 1992 346 2023 Albaniae
362 2002 400 2023 or
415 1992 557 2032 Caspiae
575 1991 690 2031 Pylae.

181 2062 253 2110 358
