1515 2351
104 573 164 604 185

104 898 165 929 186

105 1286 164 1317 187

399 139 567 177 PLINY
582 154 591 178 z
643 140 909 179 NATURAL
946 139 1186 179 HISTORY

193 245 343 296 gedum
372 243 478 282 cml
530 245 701 282 insulam
731 245 958 296 Gagauden
987 259 1076 284 esse
1103 249 1144 283 in
1173 247 1306 284 medio
1337 260 1385 286 eo

195 315 330 347 tractu
344 322 352 353 ;
381 309 476 347 inde
490 312 663 359 primum
678 312 781 347 visas
797 323 889 348 aves
905 313 1099 360 psittacos
1117 317 1159 348 et
1175 311 1226 348 ab
1242 311 1385 357 altera,

195 388 300 425 quae
324 380 487 412 vocetur
511 374 707 419 Articula,
731 375 881 412 animal
903 374 1131 425 sphingion,
1154 389 1177 412 a
1199 375 1385 427 Tergedo

194 438 499 490 cynocephalos.
553 439 648 476 inde
660 439 820 477 Nabata
832 441 943 484 1155,
955 440 1148 490 oppidum
1163 440 1204 478 id
1215 454 1383 491 parvum

195 506 300 541 inter
334 503 542 554 praedicta
575 503 718 548 solum,
751 504 803 541 ab
839 517 886 542 eo
920 504 972 542 ad
1006 504 1178 542 insulam
1215 505 1384 544 Meroen

194 581 321 606 cccm'.
375 567 520 606 herbas
570 571 674 606 circa
729 569 897 606 Meroen
948 569 1111 606 demum
1165 569 1384 612 viridiores,

195 633 463 684 silvarumque
511 633 662 684 aliquid
704 631 967 684 apparuisse²
1005 640 1049 671 et
1088 633 1383 672 rhinocerotum

196 697 586 749 elephantorumque
607 699 790 749 vestigia.
845 702 976 749 ipsum
998 698 1189 749 oppidum
1217 698 1385 737 Meroen

191 763 243 800 ab
275 766 442 801 introitu
474 763 631 800 insulae
663 763 804 801 abesse
836 763 910 800 Tu
944 776 998 813 p.‚
1032 766 1227 814 iuxtaque
1262 763 1383 801 aliam

195 828 366 865 insulam
382 828 496 865 Tadu
513 827 658 865 dextro
674 828 940 865 subeuntibus
956 828 1085 872 alveo,
1101 841 1208 878 quae
1223 835 1384 878 portum

194 892 369 936 faceret3
415 893 597 930 aedificia
628 893 763 943 oppidi
794 906 937 942 pauca.
991 905 1163 943 regnare
1192 892 1385 930 feminam

196 957 428 1002 Candacen,
452 957 559 1008 quod
582 970 729 995 nomen
752 957 888 995 multis
910 960 992 994 iam
1017 960 1129 995 annis
1153 957 1205 995 ad
1228 961 1386 1009 reginas

195 1021 460 1067 transisset3³
493 1022 705 1060 delubrum
737 1021 973 1060 Hammonis
1004 1027 1046 1060 et
1074 1022 1128 1059 ibi
1157 1022 1385 1074 religiosum

197 1094 239 1126 et
258 1094 348 1126 toto
367 1094 501 1125 tractu
521 1087 685 1125 sacella.
738 1093 875 1124 cetero
895 1101 986 1124 cum
1007 1089 1234 1137 potirentur
1253 1100 1385 1125 rerum

196 1152 432 1203 Aethiopes,
451 1151 580 1190 insula
600 1165 649 1189 ea
668 1165 842 1202 magnae
860 1152 1057 1189 claritatis
1076 1151 1165 1189 fuit.
1219 1151 1386 1190 tradunt

196 1223 441 1255 armatorum
473 1218 544 1254 <31
576 1216 674 1254 dare
705 1217 880 1261 solitam,
912 1216 1109 1254 artificum
1122 1217 1138 1240 ⁴¹
1173 1219 1235 1254 ᾗ.
1290 1217 1387 1254 alii⁵

194 1295 309 1333 reges
336 1281 584 1331 Aethiopum
613 1293 685 1318 XLV
715 1280 835 1319 esse⁶
870 1280 989 1319 hodie
1017 1281 1245 1319 traduntur.
1301 1284 1386 1318 uni-

198 1360 310 1384 versa
353 1360 445 1384 vero
488 1359 587 1397 gens
631 1345 826 1384 Aetheria
870 1346 1078 1396 appellata
1121 1352 1197 1391 est,
1239 1345 1385 1384 deinde

197 1411 395 1455 Atlantia,
412 1424 505 1448 mox
524 1424 547 1448 a
565 1410 731 1448 Vulcani
757 1411 836 1448 filio
863 1410 1098 1461 Aethiope.⁷
1152 1411 1384 1448 animalium

197 1475 483 1526 hominumque
509 1476 772 1513 monstrificas
798 1476 948 1526 effigies
973 1478 1078 1513 circa
1103 1478 1385 1513 extremitates

199 1543 282 1578 eius
326 1543 436 1592 gigni
482 1543 646 1577 minime
691 1543 848 1585 mirum,
893 1540 1035 1577 artifici
1080 1539 1132 1577 ad
1175 1539 1386 1577 formanda

197 1618 362 1655 corpora
411 1605 642 1656 effigiesque
697 1605 913 1642 caelandas
969 1604 1197 1642 mobilitate
1252 1607 1384 1656 ignea.

441 1690 453 1710 ²
476 1691 643 1722 Numeros
659 1691 748 1722 varie
764 1689 898 1721 tradunt
914 1689 1004 1721 codd.

441 1734 453 1753 ²
480 1732 535 1765 111.
553 1732 730 1764 viridiores
745 1734 910 1765 silvarum
927 1733 1137 1774 apparuisse.

439 1778 451 1796 ³
475 1776 643 1809 Rackham
659 1789 666 1808 :
695 1777 819 1808 transit
833 1780 890 1808 auc
906 1777 1055 1808 transiit.

439 1820 451 1839 ⁴
475 1819 696 1860 elephantum
715 1819 890 1861 Detlessen.

442 1862 454 1882 ⁵
479 1861 655 1903 Mayhoff:
683 1862 775 1894 alate
789 1867 845 1893 aut
861 1862 961 1893 alere.

436 1906 450 1925 0
575 1910 597 1914 “”
813 1917 820 1924 .

438 1949 449 1967 ⁷
471 1905 926 1990 ῒῗῗῗὲἰῗὲῑίξὲῗὲιὶίέἕῐῦ.

243 2072 264 2108 6
296 2029 312 2044 ⁶
336 2024 486 2065 Perhaps
501 2024 560 2056 the
575 2028 652 2056 text
666 2023 788 2055 should
804 2023 844 2055 be
859 2022 988 2055 altered
1004 2025 1041 2055 to
1054 2021 1063 2034 ‘
1079 2022 1259 2064 elephanta
1274 2021 1294 2054 '.

193 2083 237 2118 47
