1515 2351
424 113 614 152 PLINY:
667 115 930 153 NATURAL
967 114 1205 153 HISTORY

222 232 316 256 num
345 218 546 269 quondam
572 221 694 269 regio.
752 231 776 255 a
803 219 969 256 Dorisco
1002 220 1231 256 incurvatur
1257 231 1326 256 ora
1352 217 1403 256 ad

223 279 390 317 Macron
405 279 547 317 Tichos
563 286 645 318 ἰῑῖῖι
658 294 711 330 p.‚
724 283 828 317 circa
841 293 960 330 quem
975 280 1105 317 locum
1118 280 1258 317 fluvius
1276 279 1404 317 Melas

221 355 244 378 a
276 355 354 392 quo
383 344 489 379 sinus
523 342 758 393 appellatur.
813 342 959 393 oppida
989 342 1172 393 Cypsela,
1201 341 1405 388 Bisanthe,

222 402 388 440 Macron
408 403 548 441 Tichos
572 404 724 441 dictum
745 406 838 454 quia
857 417 880 441 a
901 402 1143 454 Propontide
1166 403 1218 441 ad
1243 403 1406 441 Melana

220 468 348 503 sinum
365 468 470 503 inter
489 466 568 503 duo
585 468 708 502 maria
723 472 928 517 porrectus
947 479 1082 503 murus
1102 472 1404 516 procurrentem

153 533 196 562 44
226 527 405 565 excludit
461 527 764 565 Cherronesum.
830 541 1003 579 namque
1058 527 1225 565 Thracia
1279 527 1406 565 altero

222 590 349 627 latere
381 603 405 626 a
436 589 602 627 Pontico
631 590 747 627 litore
778 592 984 641 incipiens,
1015 591 1082 627 ubi
1114 590 1251 628 Hister
1280 591 1405 627 amnis

222 654 473 703 inmergitur,
491 652 552 689 vel
571 652 856 702 pulcherrimas
875 654 915 688 in
933 665 980 689 ea
998 657 1113 703 parte
1132 652 1250 689 urbes
1266 650 1405 696 habet,

224 713 472 765 Histropolin
497 714 758 758 Milesiorum,
779 714 936 759 Tomos,
957 713 1141 751 Callatim
1162 727 1265 764 quae
1286 719 1406 751 antea

224 775 407 813 Cerbatis
438 776 665 813 vocabatur.
723 775 960 813 Heracleam
990 775 1130 813 habuit
1160 781 1203 812 et
1231 775 1406 813 Bizonen

220 843 353 875 terrae
401 837 514 875 hiatu
561 845 732 888 raptam,
780 852 884 875 nunc
931 837 1055 875 habet
1103 837 1406 889 Dionysopolim

222 899 381 937 Crunon
407 906 527 938 antea
557 901 728 938 dictam:
769 900 896 938 adluit
935 901 1055 951 Zyras
1081 903 1219 937 amnis.
1274 906 1406 937 totum

224 975 316 999 eum
335 968 511 1000 tractum
532 962 705 1013 Scythae
725 963 916 1000 Aroteres
934 965 1206 1013 cognominati
1224 968 1404 1000 tenuere.

222 1037 359 1061 eorum
382 1025 530 1075 oppida
552 1024 826 1075 Aphrodisias,
850 1024 1040 1069 Libistus,
1063 1025 1231 1076 Zygere,
1254 1024 1406 1062 Rhoco-

223 1087 313 1132 bae,
331 1087 542 1132 Eumenia,
561 1086 877 1138 ParthenopoliS,
895 1087 1083 1132 Gerania,
1101 1087 1166 1124 ubi
1186 1085 1406 1138 Pygmaeo-

220 1163 307 1186 rum
329 1163 428 1199 gens
450 1149 570 1187 fuisse
592 1150 796 1200 proditur:
834 1149 991 1186 Catizos
1012 1150 1169 1187 barbari
1192 1150 1404 1193 vocabant,

152 1218 194 1246 45
223 1212 472 1262 creduntque
508 1226 531 1249 a
559 1213 723 1263 gruibus
758 1211 929 1262 fugatos.
985 1214 1025 1248 in
1059 1225 1127 1248 ora
1155 1225 1178 1249 a
1211 1211 1406 1263 Dionyso-

219 1273 299 1324 poli
321 1279 382 1311 est
406 1274 583 1311 Odessus
609 1273 872 1317 Milesiorum,
895 1273 1045 1311 flumen
1070 1272 1275 1324 Pannysis,
1297 1275 1406 1324 oppi-

220 1335 315 1373 dum
369 1335 720 1373 Tetranaulochus.
778 1349 890 1373 mons
936 1336 1113 1373 Haemus
1157 1341 1270 1373 vasto
1313 1338 1406 1386 iugo

219 1398 485 1448 procumbens
517 1400 555 1434 in
589 1396 760 1434 Pontum
792 1397 983 1448 oppidum
1014 1396 1155 1435 habuit
1185 1400 1225 1434 in
1255 1399 1405 1435 vertice

220 1459 472 1503 Aristaeum;
507 1473 611 1496 nunc
631 1462 670 1496 in
691 1473 760 1496 ora
784 1459 1043 1503 Mesembria,
1065 1458 1317 1504 Anchialum,
1338 1459 1405 1497 ubi

223 1520 357 1558 Messa
394 1520 537 1558 fuerat.
593 1522 732 1558 Astice
770 1523 882 1572 regio
919 1520 1059 1558 habuit
1097 1521 1286 1571 oppidum
1325 1521 1405 1558 An-

221 1581 362 1627 thium,
389 1596 492 1620 nunc
519 1589 581 1619 cst
607 1582 830 1633 Apollonia.
887 1582 1051 1620 flumina
1078 1581 1253 1628 Panisos,
1282 1582 1405 1627 Iuras,

219 1644 382 1689 Rarus,
434 1644 636 1689 Orosines,
687 1645 834 1695 oppida
883 1644 1072 1696 ThyniaS,
1125 1644 1405 1695 Halmydesos,

223 1706 427 1743 Develcon
458 1706 564 1755 (cum
587 1712 730 1756 stagno
752 1706 857 1756 quod
880 1720 984 1743 nunc
1009 1706 1202 1743 Deultum
1227 1707 1405 1757 vocatur)

220 1773 514 1812 veteranorum,
566 1766 807 1819 Phinopolis,
861 1771 972 1805 iuxta
1023 1781 1143 1818 quam
1194 1767 1403 1817 Bosporus.

583 1958 596 1971 ‘¹
622 1953 705 1985 Now
722 1953 780 1984 the
796 1953 876 1985 Gulf
890 1953 925 1984 of
942 1952 1042 1984 Enos.

583 1996 596 2016 ⁶
619 1995 680 2028 See
697 1998 712 2036 §
730 1997 771 2028 92
789 2007 823 2028 n.

226 2054 238 2078 1
247 2053 292 2089 50
