1515 2351
409 124 575 163 PLINY
590 140 599 163 ι
651 126 916 164 NATURAL
951 126 1189 165 HISTORY

203 229 517 280 Adiabenosque
528 233 691 268 veniens
705 244 824 280 supra
839 230 1143 269 Paraetacenen
1157 237 1197 268 et
1212 230 1387 268 Persida.

203 299 426 337 Chalonitis
460 300 575 337 abest
609 313 631 337 a
665 299 829 338 Perside
862 312 1029 337 cecum(
1062 313 1125 351 p.;
1173 307 1332 338 tantum
1366 314 1389 337 a

203 369 348 420 Caspio
383 373 484 407 mari
519 376 562 407 et
597 384 619 407 a
655 369 770 421 Syria
805 370 946 407 abesse
980 370 1204 420 conpendio
1238 373 1388 408 itineris

121 444 181 474 132
201 439 321 490 aliqui
358 439 537 477 tradunt.
599 443 705 477 inter
740 439 812 477 has
847 445 991 491 gentes
1028 446 1153 490 atque
1192 440 1388 477 Mesenen

202 508 410 546 Sittacene
438 515 514 553 est,
543 509 687 547 eadem
715 509 910 547 Arbelitis
939 515 981 547 et
1010 508 1239 547 Palaestine
1267 510 1388 547 dicta.

202 578 394 629 oppidum
412 581 495 616 eius
513 577 668 616 Sittace
685 578 945 623 Graecorum,
963 579 1013 615 ab
1031 585 1122 616 ortu
1140 585 1181 616 et
1198 578 1389 621 Sabdata,

202 648 253 685 ab
273 661 417 686 occasu
437 655 574 686 autem
596 647 814 686 Antiochia
834 651 940 686 inter
959 649 1038 686 duo
1059 649 1222 686 flumina
1241 649 1388 699 Tigrim

203 723 245 755 et
264 718 552 763 Tornadotum,
574 722 672 756 item
699 720 897 769 Apamea,
917 722 979 756 cui
1001 731 1148 756 nomen
1169 717 1389 756 Antiochus

203 791 341 825 matris
376 802 473 826 suae
507 791 704 838 inposuit;
747 788 856 839 Tigri
875 788 890 811 ¹
920 788 1251 826 circumfunditur
1277 787 1390 833 haec,

122 862 181 893 133
201 858 393 896 dividitur
425 857 596 896 Archoo.
652 858 756 896 infra
789 865 850 896 est
881 857 1063 902 Susiane,
1094 861 1134 895 in
1166 871 1245 909 qua
1276 864 1389 896 vetus

202 931 313 979 regia
335 927 545 966 Persarum
567 927 666 966 Susa
688 942 710 965 a
733 928 858 966 Dario
880 928 1094 979 Hystaspis
1117 928 1196 965 filio
1215 928 1387 966 condita.

203 998 318 1035 abest
341 998 392 1035 ab
414 997 597 1036 Seleucia
620 998 843 1050 Babylonia
866 997 981 1035 ἶς’-εει,
998 1012 1053 1049 p.,
1074 998 1316 1036 tantundem
1338 998 1389 1035 ab

204 1068 422 1106 Ecbatanis
468 1068 682 1106 Medorum
712 1082 784 1119 per
813 1074 993 1106 montem
1036 1068 1296 1106 Carbantum.
1350 1071 1389 1105 in

201 1139 508 1189 septentrionali
535 1139 664 1190 Tigris
699 1138 812 1176 alveo
847 1139 1037 1189 oppidum
1066 1144 1128 1176 est
1155 1137 1388 1182 Barbitace;

201 1208 316 1246 abest
342 1222 364 1245 a
390 1208 497 1246 Susis
523 1221 645 1245 cxxxv
673 1222 711 1259 p.
767 1209 819 1246 ibi
846 1209 1076 1246 mortalium
1102 1208 1224 1246 solis²
1249 1222 1388 1246 aurum

207 1281 248 1316 in
274 1278 389 1322 odio;
432 1278 678 1316 contrahunt
705 1279 746 1316 id
772 1278 1079 1329 defodiuntque‚
1106 1292 1158 1316 ne
1183 1281 1246 1316 cui
1272 1281 1324 1316 sit
1349 1280 1388 1315 in

203 1361 290 1386 usu.
345 1348 522 1386 Susianis
557 1349 607 1386 ad
642 1352 838 1386 orientem
873 1362 1009 1386 versus
1043 1351 1263 1399 iunguntur
1296 1347 1387 1385 Oxii

201 1418 378 1456 latrones
406 1425 447 1456 et
485 1419 735 1456 Mizaeorum
771 1431 819 1456 XL
851 1419 987 1469 populi
1022 1418 1172 1456 liberae
1205 1418 1387 1456 feritatis.

122 1494 182 1524 134
201 1502 321 1539 supra
358 1503 424 1526 eos
460 1496 603 1539 parent
643 1488 800 1526 Parthis
838 1489 971 1526 Mardi
1011 1495 1052 1526 et
1090 1488 1226 1526 Saitae
1261 1491 1286 1526 ii
1321 1491 1388 1539 qui

202 1559 524 1609 praetenduntur
546 1572 665 1609 supra
690 1559 918 1610 Elymaida,
942 1572 1061 1610 quam
1086 1558 1236 1596 Persidi
1259 1561 1299 1595 in
1321 1571 1388 1595 ora

202 1631 414 1666 iunximus.
470 1628 570 1666 Susa
599 1643 622 1665 a
653 1628 810 1666 Persico
834 1631 933 1665 mari
958 1629 1103 1666 absunt
1127 1629 1195 1664 (Ἦ,
1216 1641 1255 1678 p.
1309 1640 1388 1678 qua

201 1693 323 1730 subiit
354 1693 405 1730 ad
435 1707 525 1730 eam
555 1693 691 1730 classis
722 1693 942 1730 Alexandri
974 1692 1171 1743 Pasitigri,
1201 1695 1307 1729 vicus
1337 1691 1388 1729 ad

202 1762 333 1800 lacum
371 1762 633 1801 Chaldaicum
665 1769 829 1800 vocatur
865 1763 981 1813 Aple,
1014 1763 1121 1800 unde
1151 1761 1249 1799 Susa
1282 1764 1387 1799 navi-

199 1836 365 1882 gatione
391 1834 470 1870 15ss
492 1845 517 1869 1)
537 1846 574 1883 p.
597 1833 754 1870 absunt.
809 1833 984 1870 Susianis
1004 1833 1054 1869 ab
1074 1835 1230 1869 oriente
1259 1834 1387 1882 proxi-

201 1906 255 1940 mi
296 1909 389 1940 sunt
418 1903 607 1947 Cossiaei,
636 1916 754 1953 supra
777 1902 982 1940 Cossiaeos
1011 1902 1062 1940 ad
1090 1905 1385 1952 septentionem

256 1980 268 2000 ¹
293 1980 496 2012 Gronovius:
522 1980 641 2021 Tigris.

254 2023 266 2042 ¹
290 2023 493 2054 Pinnanus:
518 2023 579 2054 soli
596 2023 670 2063 (soli
685 2023 758 2054 auri
777 2024 863 2054 miro
879 2022 958 2053 odio
971 2022 1180 2054 contrahunt
1198 2021 1378 2063 Mayhoff).

197 2069 269 2116 438
