1515 2351
383 126 551 164 PLINY
566 139 575 164 :
628 126 893 164 NATURAL
931 126 1168 165 HISTORY

181 233 220 267 in
240 244 319 281 quo
338 229 466 267 multa
485 230 604 267 aliter
623 243 669 266 ac
688 235 846 267 veteres
865 229 1118 280 proditurum
1136 242 1203 267 me
1221 243 1302 268 non
1320 243 1368 268 eo

181 295 341 338 infitias,
373 297 493 331 anxia
523 292 784 344 perquisitisl
815 307 910 331 cura
941 294 1059 331 rebus
1091 307 1219 344 nuper
1248 297 1290 331 in
1321 307 1368 332 eo

179 362 260 396 situ
294 362 418 410 gestis
455 372 477 395 a
516 359 696 395 Domitio
732 358 961 396 Corbulone
995 359 1238 409 regibusque
1274 358 1368 396 inde

181 426 307 460 missis
358 423 601 473 supplicibus
652 429 723 460 aut
774 435 915 473 regum
964 423 1098 460 liberis
1151 423 1367 461 obsidibus.

114 496 119 503 “
181 488 382 525 ordiemur
411 494 550 525 autem
580 501 603 524 a
632 487 920 538 Cappadocum
948 494 1085 538 gente.
1139 487 1369 538 longissime

181 552 279 589 haec
294 552 550 589 Ponticarum
564 555 742 589 omnium
755 555 947 589 introrsus
961 552 1152 589 recedens
1169 552 1369 590 Minorem

181 618 416 654 Armeniam
446 617 728 667 Maioremque
757 622 798 654 et
827 616 1130 667 Commagenen
1156 617 1271 654 laevo
1298 630 1369 654 suo

179 681 307 719 latere
345 684 505 726 transit,
542 682 687 719 dextro
724 695 818 719 vero
855 694 994 719 omnes
1030 684 1071 718 in
1107 682 1205 719 Asia
1240 681 1369 720 dictas

180 752 339 796 gentes,
360 746 538 796 plurimis
560 745 769 797 superfusa
789 746 945 796 populis
965 759 1195 797 magnoque
1214 748 1371 797 impetu

180 811 375 848 scandens
397 811 448 848 ad
468 817 601 848 ortum
622 811 714 848 solis
735 817 778 848 et
797 811 917 848 Tauri
938 814 1032 861 iuga
1052 813 1197 849 transit
1219 810 1370 862 Lycao-

180 878 302 919 niam,
342 875 547 919 Pisidiam,
587 875 783 919 Ciliciam,
823 876 933 913 vadit
973 889 1092 926 super
1131 875 1370 914 Antiochiae

179 946 370 983 tractum,
407 946 449 978 et
485 953 612 991 usque
648 940 699 977 ad
736 940 1006 991 Cyrresticam
1043 943 1127 978 eius
1163 943 1369 991 regionem

179 1011 295 1055 parte
315 1019 385 1042 sua
400 1018 503 1055 quae
519 1011 682 1042 vocatur
696 1005 890 1042 Cataonia
904 1005 1126 1043 contendit.
1165 1007 1303 1056 itaque
1316 1005 1369 1043 ibi

179 1069 389 1120 longitudo
408 1070 529 1107 Asiae
553 1067 633 1122 1351]
671 1072 695 1107 ῑ,
713 1070 846 1114 efficit,
864 1070 1037 1107 latitudo
1059 1073 1167 1108 fu.

233 1134 303 1171 IX.
334 1135 527 1171 Armenia
565 1140 702 1172 autem
743 1134 874 1171 Maior
910 1137 1048 1184 incipit.
1085 1148 1108 1171 a
1145 1134 1369 1173 Parihedris

179 1200 396 1243 montibus,
427 1199 636 1249 Euphrate
665 1213 798 1243 amne,
828 1205 873 1236 ut
901 1199 1054 1236 dictum
1084 1205 1160 1243 est,
1189 1199 1370 1237 aufertur

180 1263 462 1314 Cappadociae
506 1270 562 1307 et,
607 1277 686 1314 qua
731 1264 902 1301 discedit
948 1263 1190 1313 Euphrates,
1237 1264 1370 1302 Meso-

179 1331 382 1378 potamiae
410 1327 508 1366 }iaut
538 1331 668 1365 minus
698 1329 806 1366 claro
832 1342 949 1366 amne
975 1329 1096 1379 Tigri.
1153 1334 1368 1380 utrumque

179 1392 313 1430 fundit
334 1396 432 1443 ipsa,
450 1400 492 1431 et
512 1396 670 1430 initium
693 1393 1017 1443 Mesopotamiae
1035 1393 1132 1430 facit
1148 1396 1254 1431 inter
1270 1393 1368 1432 duos

179 1471 318 1495 amnes
335 1461 460 1502 sitae;
494 1459 600 1509 quod
617 1461 786 1496 interest
805 1459 856 1495 ibi
876 1465 1020 1495 tenent
1040 1459 1194 1496 Arabes
1213 1458 1367 1496 Orroei.

178 1525 233 1560 sic
258 1523 378 1560 finem
402 1536 529 1573 usque
552 1526 591 1559 in
617 1523 857 1560 Adiabenen
882 1522 1058 1573 perfert;
1095 1523 1146 1559 ab
1170 1535 1219 1560 ea
1240 1529 1368 1560 trans-

180 1590 300 1624 versis
332 1591 432 1637 iugis
463 1588 614 1625 inclusa
644 1588 902 1626 latitudinem
932 1590 972 1624 in
1002 1588 1115 1625 laeva
1146 1587 1287 1638 pandit
1317 1587 1369 1626 ad

179 1651 328 1702 Cyrum
346 1666 506 1690 amnem
524 1659 750 1690 transversa
769 1653 946 1697 Araxen,
964 1652 1258 1703 longitudinem
1276 1665 1368 1690 vero

179 1716 231 1754 ad
269 1717 469 1755 Minorem
512 1731 638 1767 usque
676 1718 925 1761 Armeniam,
962 1717 1137 1754 Absarro
1173 1730 1293 1754 amne
1328 1720 1367 1754 in

549 1821 560 1840 ¹
585 1820 777 1852 Rackham:
808 1821 1008 1862 perquisita.

332 1962 346 1975 ⁰
373 1957 430 1988 I.e.
456 1956 552 1988 when
576 1957 604 1987 it
627 1967 707 1987 runs
731 1956 789 1987 the
814 1956 959 1987 sarthest
982 1960 1019 1987 to
1042 1956 1100 1987 the
1124 1960 1216 1987 west.

333 1999 345 2018 ⁶
371 2000 397 2030 A
415 2000 619 2031 translation
635 2000 674 2031 os
686 2000 693 2011 ‘
711 1999 960 2040 Mesopotamia
976 1998 995 2031 '.

179 2072 250 2109 354
