1515 2351
96 1053 137 1084 65

364 104 555 142 PLINY:
604 104 869 142 NATURAL
907 103 1145 141 HISTORY

159 209 459 259 schoenumque
483 208 615 246 stadia
638 221 727 253 xxx,
750 211 808 246 ita
833 208 918 245 fieri
942 207 1203 259 longitudinis
1226 221 1271 246 cx,
1293 221 1348 259 p.,

160 274 403 312 tantundem
423 279 465 310 et
483 273 719 310 latitudinis.

211 338 313 376 Sunt
331 341 370 375 in
388 337 538 375 honore
555 343 597 375 et
615 340 719 374 intra
737 337 926 375 decursus
945 337 1024 374 Nili
1041 337 1169 374 multa
1187 337 1348 388 oppida,

161 406 376 454 praecipue
396 416 501 453 quae
520 405 682 439 nomina
702 405 811 439 ostiis
831 401 995 445 dedere,
1015 415 1094 438 non
1113 402 1349 439 omnibus-

162 480 218 504 x11
250 470 356 505 enim
387 469 654 516 reperiuntur,
685 479 886 516 superque
917 471 1111 516 quattuor
1141 479 1246 517 quae
1275 469 1348 516 ipsi

162 531 263 568 falsa
295 545 364 568 ora
397 530 729 581 appellant—sed
761 531 1029 568 celeberrimis
1061 543 1132 575 vn,
1169 533 1350 580 proximo

163 596 435 633 Alexandriae
461 595 676 645 Canopico,
703 595 796 632 dein
824 595 1040 639 Bolbitino,
1067 594 1351 646 Sebennytico,

164 660 405 704 Phatnitico,
422 660 670 704 Mendesico,
683 660 878 704 Tanitico,
892 659 1117 710 ultimoque
1131 659 1349 697 Pelusiaco.

163 731 375 776 praeterea
403 725 541 768 Butos,
562 723 854 768 Pharbaethos,
883 723 1130 774 Lentopolis,
1157 723 1351 769 Athribis,

166 789 279 827 Isidis
301 789 521 839 Oppidum,
543 789 704 833 Busiris,
725 788 954 839 Cynopolis,
974 787 1233 838 Aphrodites,
1253 788 1352 832 Sais,

165 853 390 898 Naucratis,
410 853 518 891 unde
537 856 684 890 ostium
705 853 870 903 quidam
891 853 1208 890 Naucratiticum
1228 856 1353 890 nomi—

164 924 263 955 nant
278 918 385 968 quod
399 918 465 954 alii
482 917 822 961 Heracleoticum,
836 917 1037 967 Canopico
1051 920 1113 954 cui
1128 920 1352 967 proximum

166 989 227 1020 est
247 983 536 1032 praeferentes.

215 1047 308 1084 XII.
341 1047 459 1084 Ultra
497 1046 748 1084 Pelusiacum
786 1047 936 1084 Arabia
973 1053 1048 1091 est,
1086 1047 1136 1084 ad
1174 1046 1352 1085 Rubrum

168 1111 285 1150 Mare
314 1115 520 1162 pertinens
552 1117 594 1149 et
624 1111 866 1149 odoriferam
895 1111 1006 1148 illam
1038 1125 1084 1148 ac
1115 1112 1280 1150 divitem
1312 1118 1354 1150 et

165 1177 313 1214 beatae
351 1179 589 1227 cognomine
621 1176 828 1214 inclutam.
883 1176 981 1214 haec
1010 1175 1283 1214 Cattabanum
1312 1182 1354 1214 et

166 1241 451 1279 Esbonitarum
470 1247 512 1279 et
536 1241 787 1279 Scenitarum
817 1241 997 1278 Arabum
1015 1247 1193 1285 vocatur,
1211 1241 1354 1279 sterilis

165 1312 450 1357 praeterquam
484 1306 552 1343 ubi
586 1305 726 1357 Syriae
758 1306 928 1343 confinia
961 1309 1142 1357 attingit,
1176 1319 1248 1343 nec
1282 1308 1354 1343 nisi

166 1370 281 1408 Casio
326 1377 464 1409 monte
510 1371 663 1408 nobilis.
719 1369 778 1408 his
824 1371 979 1408 Arabes
1025 1373 1259 1421 iunguntur,
1304 1371 1355 1408 ab

165 1438 320 1473 oriente
341 1435 545 1479 Canchlei,
566 1449 588 1472 a
610 1435 775 1473 meridie
797 1435 955 1479 Cedrei,
977 1438 1043 1485 qui
1065 1435 1213 1472 deinde
1235 1435 1354 1472 ambo

167 1499 399 1537 Nabataeis.
456 1500 777 1550 Heroopoliticus
799 1506 965 1537 vocatur
987 1499 1173 1550 alterque
1194 1499 1355 1537 Aelani-

166 1567 268 1602 ticus
283 1563 299 1588 1
322 1567 429 1602 sinus
455 1564 577 1602 Rubri
602 1567 720 1601 maris
745 1567 784 1601 in
808 1565 1044 1615 Aegyptum
1069 1567 1285 1615 vergentis,
1310 1564 1355 1600 Ξῖ

168 1628 377 1666 intervallo
397 1631 502 1666 inter
521 1629 600 1666 duo
620 1629 782 1679 oppida,
802 1629 959 1666 Aelana
981 1634 1022 1666 et
1043 1631 1082 1665 in
1102 1635 1237 1666 nostro
1257 1630 1355 1665 mari

219 1732 232 1751 ¹
259 1730 324 1763 Vll.
356 1731 586 1763 Laclaniticus
617 1735 644 1762 et
675 1731 768 1763 alia:
821 1731 1038 1763 Laeaniticus
1070 1731 1115 1764 vd
1146 1730 1356 1762 Aelaniticus

174 1774 332 1816 Mayhoff
344 1774 415 1807 coll.
436 1775 493 1807 VI.
517 1776 587 1812 156,
611 1776 681 1806 165.

260 1902 273 1916 ⁰
297 1898 356 1930 Le.
377 1898 505 1929 Arabia
524 1897 678 1935 Petraea,
697 1898 875 1939 adjoining
892 1898 1022 1939 Egypt.

262 1941 274 1960 ¹>
297 1941 425 1972 Arabia
441 1940 548 1972 Felix.

200 2030 245 2066 68
257 1988 268 2001 ‘
291 1983 590 2015 ‘Tent-dwellers’
608 1983 664 2024 (cs.
682 1983 742 2016 VI.
763 1984 850 2022 143),
864 1982 922 2014 the
939 1984 1081 2015 modern
1097 1982 1280 2014 Bedouins.
1345 2001 1350 2003 -
