1515 2351
388 118 556 155 PLINY
571 131 579 155 ε
631 117 896 155 NATURAL
932 117 1170 155 HISTORY

190 223 525 275 Ichthyophagon
580 223 747 265 multae,
802 222 976 259 Odanda
1029 221 1203 266 deserta,
1256 219 1371 265 Basa,

185 289 340 326 multae
353 288 611 325 Sabaeorum.
649 287 813 324 flumina
826 285 1000 330 Thanar,
1015 287 1206 330 Amnum,
1218 285 1370 322 insulae

187 354 374 397 Doricae,
418 352 550 389 sontes
601 352 811 395 Daulotos,
856 351 979 395 Dora,
1021 351 1174 388 insulae
1219 349 1370 393 Pteros,

189 417 423 461 Labatanis,
444 416 622 460 Coboris,
643 415 933 453 Sambrachate
954 421 995 452 et
1016 415 1205 465 oppidum
1229 414 1370 452 eodem

190 486 350 520 nomine
384 485 425 519 in
458 484 706 519 continente.
761 494 784 517 a
819 480 984 517 meridie
1019 480 1173 517 insulae
1206 479 1372 523 multae,

188 550 363 584 maxima
394 545 568 590 Camari,
595 546 744 583 flumen
777 544 996 589 Musecros,
1025 550 1163 594 portus
1192 543 1373 594 Laupas3

191 611 375 649 Scenitae
415 611 572 654 Sabaei,
601 610 754 647 insulae
781 609 948 654 multae,
977 611 1197 659 emporium
1237 621 1373 645 eorum

110 682 170 712 152
191 677 320 720 Acila,
344 690 392 713 ex
418 690 496 726 quo
521 679 558 712 in
586 675 742 712 Indiam
766 677 1000 725 navigatum
1040 676 1150 724 regio
1173 671 1374 710 Amithos-

189 748 314 785 catta,
332 742 521 784 Damnia,
540 740 638 777 Mizi
657 739 834 777 Maiores
852 746 891 776 et
913 738 1104 783 Minores,
1122 738 1374 789 Drymatina,

194 805 362 849 Macae3
408 803 577 842 horum1
609 807 927 855 promunturium
957 809 1094 841 contra
1123 802 1374 840 Carmaniam

192 871 315 908 distat
337 870 359 905 ἰ
376 883 414 920 p.
433 873 531 907 mira
551 883 612 906 res
631 870 683 906 ibi
702 869 888 913 traditur,
907 868 1149 905 Numenium
1167 867 1218 904 ab
1236 867 1376 904 Antio-

192 934 266 972 cho
288 949 384 985 rege
406 934 602 972 Mesenae
620 936 894 984 praepositum
914 933 969 970 ibi
989 935 1128 970 vicisse
1148 931 1289 969 eodem
1311 931 1374 968 die

192 1000 319 1037 classe
365 1006 563 1050 aestuque
609 1012 766 1036 reverso
811 1001 958 1035 iterum
1005 1000 1192 1048 equitatu
1236 1002 1374 1034 contra

195 1064 335 1102 Persas
355 1065 617 1102 dimicantem
639 1070 681 1101 et
701 1066 864 1114 gemina
882 1069 1051 1113 tropaea
1070 1061 1213 1100 eodem
1232 1064 1271 1098 in
1293 1061 1376 1098 loco

195 1130 279 1167 Iovi
299 1143 344 1167 ac
366 1129 557 1179 Neptuno
577 1132 779 1166 statuisse.

112 1199 173 1230 153
247 1195 381 1231 Insula
408 1198 448 1231 in
474 1194 557 1231 aito
583 1194 740 1231 obiacet
768 1192 928 1244 Ogyris,
951 1192 1058 1229 clara
1084 1190 1257 1242 Erythra
1282 1203 1378 1242 rege

190 1260 244 1296 ibi
270 1259 452 1309 sepulto;
492 1259 616 1296 distat
646 1272 669 1295 a
691 1260 927 1295 continente
949 1258 1047 1294 Effv
1070 1270 1123 1307 p.,
1146 1257 1378 1293 circumitur

196 1323 274 1360 δεῖ]
306 1336 343 1361 D.
368 1337 440 1361 nec
471 1327 600 1361 minus
623 1323 752 1360 altera
774 1322 882 1360 clara
905 1325 945 1359 in
968 1322 1120 1359 Azanio
1143 1323 1240 1358 mari
1265 1320 1378 1358 Dios-

195 1389 348 1433 curidu,
363 1389 515 1426 distans
531 1402 554 1425 a
573 1387 727 1439 Syagro
743 1393 908 1425 extumo
928 1389 1203 1437 promunturio
1223 1397 1378 1425 ccnxxx.

246 1453 405 1504 Reliqui
425 1457 465 1490 in
484 1456 721 1490 continente
740 1466 764 1489 a
783 1457 880 1489 noto
900 1454 1123 1489 etiamnum
1144 1449 1379 1494 Autaridae‚

195 1521 236 1555 in
263 1524 421 1555 montes
450 1530 505 1554 vu
534 1518 690 1555 dierum
718 1520 927 1560 transitus,
954 1529 1053 1567 gens
1082 1515 1308 1552 Larendani
1337 1519 1379 1551 et

194 1581 406 1633 Catapani,
431 1581 688 1619 Gebbanitae
720 1581 899 1631 pluribus
923 1580 1079 1631 oppidis
1102 1579 1174 1617 sed
1195 1581 1378 1616 maximis

197 1646 326 1697 Nagia
352 1653 394 1685 et
417 1646 601 1684 Thomna
625 1645 869 1696 templorum
895 1657 988 1682 lxv:
1029 1643 1130 1682 haec
1155 1650 1216 1682 est
1241 1643 1380 1694 ampli—

115 1716 177 1746 154
198 1712 348 1749 tudinis
378 1712 630 1762 significatio.
684 1713 1019 1760 promunturium,
1048 1723 1072 1746 a
1102 1722 1180 1759 quo
1210 1707 1262 1746 ad
1289 1720 1380 1746 con-

334 1822 343 1841 ¹
371 1820 575 1853 Gulschmidt
591 1833 598 1852 ε
627 1820 768 1852 drimati
783 1819 1094 1852 naumachaeorum
1108 1823 1166 1850 aut
1179 1818 1260 1850 alia.

285 1945 298 1959 ⁰
323 1939 386 1972 Sec
403 1939 443 1972 V.
462 1941 514 1977 66,
531 1949 566 1971 n.
907 1938 921 1958 ὅ
943 1937 1015 1969 Rau
1031 1937 1247 1969 Musandam.

528 1987 539 2002 θ
563 1982 633 2014 Bas
650 1981 779 2014 Fartak
796 1982 831 2013 in
849 1981 986 2013 Arabia.

193 2061 262 2097 452
