1515 2351
135 461 172 491 71

136 1211 176 1241 73

404 139 594 177 PLINY:
646 139 912 177 NATURAL
949 139 1184 177 HISTORY

203 245 352 293 quippe
378 245 483 280 vocis
508 244 782 292 sermonisque
807 244 989 293 regimen
1013 244 1207 293 primores
1231 248 1392 288 tenent,

202 302 401 333 concentu
421 296 595 346 quodam
615 298 864 346 excipientes
882 298 1008 333 ictum
1027 296 1188 346 linguae
1207 299 1391 347 serieque

203 355 429 386 structurae
479 355 603 399 atque
653 349 932 400 magnitudine
982 350 1217 387 mutilantes
1266 350 1392 387 molli-

204 409 370 440 entesve
414 409 485 440 aut
523 402 766 440 hebetantes
817 403 939 440 verba
979 409 1035 447 et,
1079 417 1169 440 cum
1210 403 1392 448 defuere,

204 456 533 506 explanationem
549 469 710 493 omnem
727 456 965 494 adimentes.
1008 459 1103 506 quin
1120 462 1163 493 et
1181 459 1392 508 augurium

203 512 242 546 in
269 509 342 546 hac
370 523 457 547 esse
484 509 661 547 creditur
688 515 817 560 parte.
872 512 1013 547 triceni
1041 510 1123 547 bini
1151 512 1243 547 viris
1270 510 1392 547 adtri-

203 563 383 600 buuntur
409 569 581 614 excepta
609 563 877 600 Turdulorum
906 568 1054 614 gente3
1089 564 1233 613 quibus
1258 563 1391 614 plures

204 616 316 653 fuere
344 617 524 667 longiora
549 619 732 667 promitti
758 619 864 654 vitae
892 622 1040 667 putant
1063 619 1206 667 spatia.
1234 616 1393 654 feminis

202 673 331 707 minor
374 683 577 715 numerus,
621 671 764 720 quibus
808 672 848 707 in
891 669 1037 707 dextra
1079 675 1195 720 parte
1238 673 1389 721 gemini

205 737 377 773 superne
397 737 420 760 a
438 725 602 761 canibus
621 725 892 774 cognominati
912 723 1097 760 fortunae
1116 723 1393 761 blandimenta

205 777 458 827 pollicentur,
473 780 577 814 sicut
591 779 631 813 in
647 779 871 828 Agrippina
888 777 1041 814 Domiti
1058 777 1226 814 Neronis
1240 783 1370 816 matre
1384 789 1394 821 ;

205 836 346 867 contra
362 833 402 867 in
419 830 834 879 laeva.--(Hominem
850 833 958 881 prius
976 844 1096 880 quam
1113 833 1252 881 genito
1268 831 1393 869 dente

203 886 371 921 cremari
394 897 480 921 mos
504 887 688 935 gentium
712 897 791 920 non
817 882 1052 933 est.1)—-sed
1081 898 1174 921 mox
1203 884 1318 935 plura
1341 884 1392 923 de

205 937 293 977 hoc.
312 951 402 974 cum
423 938 680 975 membratim
701 936 866 974 historia
885 937 1084 975 decurret.

256 991 402 1028 Risisse
430 991 573 1028 eodem
599 991 665 1028 die
692 1004 771 1041 quo
797 994 958 1042 genitus
985 997 1092 1029 esset
1118 1004 1243 1028 unum
1268 990 1392 1029 homi-

206 1057 298 1081 nem
342 1047 569 1095 accepimus
613 1045 865 1089 Zoroastren,
908 1044 1040 1082 eidem
1083 1045 1293 1082 cerebrum
1336 1047 1393 1082 ita

205 1098 421 1148 palpitasse
454 1104 500 1135 ut
530 1101 745 1148 inpositam
776 1097 992 1149 repelleret
1023 1111 1201 1144 manum,
1232 1097 1393 1136 futurae

206 1155 414 1209 praesagio
434 1154 640 1189 scientiae.

258 1205 302 1241 In
324 1208 491 1242 trimatu
513 1218 608 1242 suae
626 1205 641 1229 ²
661 1207 805 1255 cuique
827 1204 1035 1242 dimidiam
1056 1218 1143 1242 esse
1164 1217 1394 1242 mensuram

206 1258 366 1296 futurae
403 1259 615 1296 staturae-“⁵
652 1264 808 1296 certum
846 1265 920 1296 est.
975 1261 1015 1295 in
1052 1258 1215 1309 plenum
1253 1265 1392 1296 autem

205 1318 349 1349 cuncto
376 1312 605 1349 mortalium
631 1315 769 1363 generi
796 1315 992 1349 minorem
1017 1314 1057 1348 in
1083 1312 1170 1349 dies
1196 1312 1280 1349 fieri
1305 1325 1394 1363 pro-

206 1366 423 1416 pemodum
447 1367 696 1410 observatur,
719 1379 908 1416 rarosque
931 1366 1114 1416 patribus
1137 1368 1394 1416 proceriores,

205 1425 469 1457 consumente
497 1420 728 1457 ubertatem
755 1422 952 1457 seminum
980 1422 1190 1457 exustione
1217 1421 1257 1456 in
1283 1421 1394 1456 cuius

206 1475 311 1510 vices
348 1486 453 1510 nunc
490 1479 632 1524 vergat
668 1486 822 1510 aevom.
876 1475 916 1509 in
953 1473 1076 1510 Creta
1111 1478 1244 1510 terrae
1280 1479 1393 1510 motu

207 1532 325 1577 rupto
355 1532 493 1564 monte
525 1530 733 1564 inventum
764 1532 827 1564 est
855 1540 998 1576 corpus
1028 1532 1138 1563 stans
1168 1538 1255 1563 XLVI
1285 1527 1393 1564 cubi-

206 1586 353 1624 torum,
378 1580 485 1630 quod
510 1580 575 1617 alii
600 1580 758 1618 Orionis
783 1580 848 1617 alii
873 1580 943 1617 Oti
969 1593 1055 1617 esse
1080 1580 1392 1617 arbitrabantur.

255 1653 265 1671 ¹
291 1652 475 1684 Hominem
499 1677 506 1683 .
531 1677 538 1683 .
564 1677 571 1684 .
593 1657 646 1684 est
659 1657 734 1693 post
752 1652 900 1693 pituitae
925 1653 998 1692 §70
1015 1651 1281 1694 transferendum
1303 1652 1392 1684 War-

208 1696 364 1735 mt'nqion.
697 1695 710 1714 ²
736 1695 924 1726 Raaklaam:
953 1704 1029 1727 suo.

254 1739 267 1757 ³
290 1739 427 1770 suturae
442 1742 596 1770 staturae
612 1738 783 1769 Rackham
797 1750 804 1770 :
834 1738 969 1769 futuras
982 1741 1041 1769 aul
1055 1741 1219 1769 staturae.

251 1824 266 1839 ⁸
288 1819 370 1851 This
391 1823 551 1851 sentence
573 1819 687 1850 would
709 1830 806 1851 come
827 1820 861 1851 in
883 1819 998 1851 better
1019 1818 1097 1851 four
1117 1818 1202 1850 lines
1223 1818 1312 1851 from
1333 1819 1393 1851 the

211 1863 346 1894 bottom
363 1862 402 1893 of
414 1873 447 1904 p.
465 1864 539 1895 551.

252 1906 264 1926 ⁶
288 1906 402 1942 Orion,
413 1917 433 1937 a
442 1907 538 1946 giant
551 1906 686 1943 humer,
697 1905 915 1947 tmnsported
927 1909 964 1937 to
977 1905 1119 1942 heaven,
1129 1916 1215 1947 gave
1227 1905 1279 1937 his
1291 1915 1393 1937 name

210 1954 246 1981 to
257 1949 314 1981 the
325 1950 578 1986 constellatiom
596 1948 683 1980 Otus
694 1960 762 1980 was
773 1960 792 1980 a
802 1949 950 1991 gigantic
960 1959 1022 1980 son
1032 1949 1071 1980 of
1078 1948 1255 1980 Poseidon.
1281 1948 1394 1980 Bones

209 1992 247 2023 of
266 1992 455 2033 elephante,
480 1992 689 2028 mzoetodons,
715 1992 848 2028 whales,
872 1996 950 2028 etc„
974 1991 1170 2024 discovered
1194 1993 1228 2023 in
1251 1990 1392 2024 alluvial

211 2040 317 2067 tracte
330 2035 417 2067 have
430 2036 465 2067 in
478 2035 535 2067 the
549 2039 627 2076 past
642 2035 724 2066 been
737 2035 907 2076 supposed
921 2039 957 2066 to
971 2035 1011 2066 be
1025 2035 1083 2066 tho
1097 2034 1200 2066 bones
1213 2033 1250 2065 of
1263 2035 1392 2076 giante.

212 2091 280 2128 55²
