1515 2351
154 617 195 648 93

153 925 195 957 94

152 1358 194 1389 95

149 1604 193 1635 96

425 138 616 176 PLINY:
668 139 934 178 NATURAL
971 139 1210 177 HISTORY

224 242 577 280 dimicavit-*nam
620 248 782 293 praeter
813 242 947 280 civiles
978 245 1162 280 victorias
1194 242 1412 280 undeciens

223 310 396 342 centena
435 310 477 342 ct
515 307 737 355 nonaginta
775 304 854 341 duo
891 304 1002 341 milia
1039 303 1244 341 hominum
1283 306 1412 341 occisa

223 365 382 416 proeliis
399 366 450 403 ab
467 379 514 403 eo
531 379 609 403 non
626 366 815 416 equidem
831 368 870 402 in
886 365 1011 416 gloria
1027 367 1242 416 posuerim,
1254 371 1412 403 tantam

224 430 382 464 etiamsi
398 426 414 450 ¹
435 434 618 465 coactam
639 427 803 464 humani
826 430 985 478 generis
1006 429 1204 472 iniuriam,
1227 427 1334 477 quod
1355 429 1413 464 ita

224 502 312 526 esse
328 488 533 526 confessus
550 495 612 526 est
631 491 716 540 ipse
737 489 933 526 bellorum
949 488 1122 526 civilium
1139 495 1318 539 stragem
1333 502 1412 526 non

222 550 441 601 prodendo.

274 612 422 649 Iustius
450 611 641 663 Pompeio
672 611 824 663 Magno
849 613 1052 649 tribuatur
1076 624 1259 650 ncccxtm
1288 625 1410 650 naves

223 677 362 724 piratis
401 674 620 712 ademisse:
677 674 838 711 Caesari
883 676 1087 725 proprium
1125 679 1168 711 et
1211 674 1411 725 peculiare

223 738 275 772 sit
321 742 483 786 praeter
530 749 650 786 supra
693 736 802 773 dicta
848 735 1088 773 clementiae
1130 738 1285 787 insigne
1333 749 1413 787 qua

223 811 350 848 usque
397 797 448 835 ad
492 800 787 849 paenitentiam
832 810 970 834 omnes
1018 800 1244 848 superavit3
1304 798 1411 835 idem

222 861 568 910 magnanimitatis
602 860 790 910 praebuit
825 859 1057 910 exemplum
1091 862 1154 896 cui
1188 862 1410 910 comparari

220 934 299 958 non
326 924 451 972 possit
480 921 599 959 aliud.
655 921 886 972 spectacula
913 924 1020 958 enim
1048 921 1159 959 edita
1186 921 1410 972 effusasque

221 996 318 1034 opes
366 989 436 1020 aut
483 996 651 1034 operum
698 983 1040 1034 magnificentiam
1087 986 1129 1020 in
1174 982 1249 1020 hac
1294 989 1410 1034 parte

222 1046 466 1082 numerare²
493 1045 674 1082 luxuriae
706 1044 879 1082 faventis
911 1051 996 1082 est:
1038 1045 1104 1082 illa
1136 1045 1213 1082 fuit
1244 1058 1338 1082 vera
1369 1051 1411 1083 et

221 1107 541 1157 incomparabilis
570 1109 705 1144 invicti
734 1109 855 1144 animi
883 1106 1121 1151 sublimitas,
1147 1109 1276 1158 captis
1303 1107 1411 1158 apud

222 1166 467 1205 Pharsaliam
524 1167 688 1219 Pompei
746 1167 887 1219 Magni
942 1171 1094 1206 scriniis
1149 1169 1411 1220 epistularum

220 1232 449 1280 iterumque
477 1230 585 1281 apud
609 1230 815 1281 Thapsum
841 1230 1034 1281 Scipionis
1060 1244 1335 1268 concremasse
1362 1244 1411 1268 ea

220 1294 374 1342 optima
398 1292 476 1330 fide
501 1298 624 1343 atque
649 1305 728 1329 non
751 1292 908 1343 legisse.

269 1353 416 1391 XXVI.
440 1354 590 1391 Verum
611 1353 662 1391 ad
678 1354 800 1391 decus
816 1356 973 1405 imperii
989 1354 1171 1399 Romani,
1188 1367 1267 1391 non
1282 1354 1410 1392 solum

220 1415 272 1452 ad
280 1418 351 1452 viri
360 1419 472 1453 unius
480 1418 673 1466 pertinet,
681 1418 936 1453 victoriarum
946 1414 1109 1466 Pompei
1122 1415 1165 1452 M
1171 1419 1262 1467 agni
1271 1415 1409 1454 titulos

219 1489 358 1514 omnes
381 1477 686 1528 triumphosque
710 1477 784 1514 hoc
806 1480 846 1514 in
870 1477 954 1514 loco
977 1480 1212 1528 nuncupari,
1234 1484 1409 1528 aequato

220 1551 299 1575 non
317 1540 436 1576 modo
455 1539 677 1577 Alexandri
697 1539 839 1589 Magni
858 1553 990 1576 rerum
1009 1539 1179 1590 fulgore,
1196 1539 1267 1577 sed
1285 1542 1408 1577 etiam

219 1600 403 1638 Herculis
435 1614 561 1652 prope
594 1614 639 1638 ac
674 1600 807 1638 Liberi
839 1604 977 1652 patris.
1033 1604 1155 1652 igitur
1186 1600 1318 1638 Sicilia
1348 1614 1408 1639 re-

218 1669 425 1712 cuperata,
466 1663 573 1700 unde
612 1665 785 1714 primum
829 1662 1012 1700 Sullanus
1055 1665 1095 1699 in
1138 1666 1234 1714 reip.
1288 1676 1408 1701 causa

218 1726 402 1761 exoriens
427 1727 658 1775 auspicatus
683 1730 759 1769 est,
783 1724 921 1762 Africa
945 1738 1038 1762 vero
1062 1730 1151 1762 tota
1174 1725 1342 1762 subacta
1365 1731 1407 1762 et

219 1787 258 1821 in
287 1785 487 1823 dicionem
517 1786 695 1831 redacta,
727 1786 950 1837 Magnique
980 1789 1140 1824 nomine
1169 1789 1210 1823 in
1237 1786 1404 1838 spolium

384 1867 395 1886 ¹
422 1866 610 1908 Deilesscn:
641 1867 745 1898 etiam
763 1869 812 1905 (et
828 1867 1047 1899 incoactam?
1080 1867 1261 1908 Mayhoff).

383 1911 396 1929 ²
420 1909 595 1951 Mayhoff:
623 1920 831 1941 enumerare.

447 2020 461 2035 ⁶
483 2015 555 2048 The
573 2026 764 2057 conqueror
780 2016 819 2047 os
830 2016 1011 2058 Syracuse,
1028 2017 1090 2047 212
1110 2025 1175 2048 13.0.

218 2061 291 2107 566
