1515 2351
143 437 185 468 63

143 950 185 980 64

142 1828 184 1859 65

411 108 601 146 PLINY:
656 109 920 146 NATURAL
959 109 1196 146 HISTORY

210 213 358 264 oppida
380 212 503 249 habet
521 212 674 262 reliqua
695 212 837 256 Iulida,
857 211 1121 256 Carthaeam3
1154 213 1394 251 intercidere

209 285 393 330 Coresus,
423 283 630 323 Poeeessa.
686 298 735 321 ex
766 283 838 322 hac
867 283 1091 336 profectam
1120 284 1394 324 delicatiorem

209 359 368 397 feminis
385 364 540 395 vestem
558 364 697 395 auctor
713 363 775 395 est
793 357 928 394 Varro.

263 432 430 469 Euboea
451 437 494 468 et
514 434 600 482 ipsa
622 430 754 467 avolsa
775 429 967 468 Boeotiae
988 437 1073 468 tam
1095 431 1254 469 modico
1274 434 1396 470 inter-

211 504 362 542 fluente
404 504 554 555 Euripo
596 509 641 541 ut
682 509 806 554 ponte
848 506 1050 555 iungatur,
1093 504 1143 541 ad
1186 505 1394 542 meridiem

209 579 495 629 promunturiis
516 577 685 621 duobus,
707 576 904 614 Geraesto
926 576 978 614 ad
998 577 1179 614 Atticam
1201 584 1395 628 vergente

210 657 253 688 et
266 651 318 688 ad
332 650 639 701 Hellespontum
654 648 876 700 Caphereo,
890 651 1068 700 insignis,
1082 663 1105 686 a
1117 653 1394 701 septentrione

211 723 385 769 Cenaeo,
425 736 622 774 nusquam
663 721 920 759 latitudinem
962 722 1067 760 ultra
1108 729 1157 761 ῖῑ,
1196 723 1395 769 extendit,

210 810 407 847 nusquam
440 795 542 833 infra
578 809 641 833 nm
674 794 889 840 contrahit,
923 794 995 832 sed
1027 797 1068 832 in
1100 795 1394 846 longitudinem

211 872 417 907 universae
447 869 639 906 Boeotiae
669 868 720 905 ab
749 868 889 905 Attica
917 867 968 905 ad
995 867 1240 905 Thessaliam
1269 882 1394 920 usque

210 948 426 994 praetenta
439 945 480 979 in
496 948 553 986 ff,
567 943 734 979 circuitu
749 953 842 978 vero
858 955 1010 979 cccmtv.
1051 941 1165 978 abcst
1178 941 1229 979 ab
1243 941 1395 980 Helles-

208 1023 332 1068 ponto
346 1022 460 1067 parte
474 1014 670 1066 Capherei
683 1021 817 1059 &Tm
831 1014 993 1051 urbibus
1011 1014 1212 1064 quondam
1232 1013 1394 1066 Pyrrha,

211 1089 415 1134 Porthmo,
431 1089 551 1134 Neso,
567 1087 772 1133 Cerintho,
793 1087 914 1133 Oreo,
934 1087 1027 1132 Dio,
1047 1088 1249 1139 Aedepso,
1269 1087 1394 1134 Ocha,

211 1162 415 1207 Oechalia,
443 1176 548 1200 nunc
577 1161 765 1199 Chalcide
792 1163 903 1199 cuius
931 1174 981 1198 ex
1010 1160 1176 1198 adverso
1202 1164 1244 1199 in
1269 1164 1395 1199 conti-

212 1239 324 1274 nenti
346 1236 459 1273 Aulis
482 1242 557 1280 est,
581 1235 791 1280 Geraesto,
814 1234 986 1279 Eretria,
1009 1233 1191 1285 Carysto,
1213 1234 1394 1280 Oritano,

211 1311 443 1354 Artemisio,
462 1309 574 1346 fonte
594 1307 810 1352 Arethusa,
829 1306 992 1361 flumine
1013 1307 1184 1344 Lelanto
1202 1310 1393 1359 aquisque

210 1382 347 1420 calidis
367 1395 470 1433 quae
492 1381 702 1432 Hellopiae
721 1386 914 1418 vocantur
933 1362 1089 1425 nobilis,
1108 1382 1239 1418 notior
1257 1386 1393 1418 tamen

211 1468 407 1493 marmore
433 1454 627 1506 Carystio.
684 1460 805 1491 antea
828 1455 1004 1490 vocitata
1028 1458 1090 1490 est
1114 1452 1394 1491 Chalcodontis

210 1535 281 1566 aut
317 1528 478 1573 Macris,
513 1534 558 1565 ut
593 1527 809 1578 Dionysius
845 1532 885 1564 et
921 1525 1102 1577 Ephorus
1136 1526 1314 1572 tradunt,
1349 1533 1394 1565 ut

210 1602 407 1639 Aristides
450 1600 602 1646 Macra,
643 1607 689 1637 ut
730 1600 972 1637 Callidemus
1013 1598 1167 1637 Chalcis
1207 1613 1299 1637 aere
1340 1601 1392 1638 ibi

210 1678 382 1727 primum
431 1679 605 1725 reperto,
654 1679 699 1710 ut
751 1670 1040 1709 Menaechmus
1089 1672 1299 1718 Abantias,
1348 1679 1394 1711 ut

208 1754 355 1799 poetae
374 1747 493 1798 vulgo
512 1747 667 1798 Asopis.

263 1821 390 1858 Extra
406 1833 495 1857 eam
510 1822 550 1856 in
568 1818 734 1870 Myrtoo
749 1817 916 1863 multae,
931 1818 1002 1855 sed
1018 1821 1193 1856 maxime
1208 1818 1393 1857 inlustres

211 1893 508 1931 Glauconnesos
535 1898 576 1929 et
605 1891 747 1942 Aegila
775 1897 817 1928 et
843 1904 867 1928 a
892 1893 1169 1942 promunturio
1197 1891 1393 1930 Geraesto

207 1970 310 2004 circa
333 1966 480 2004 Delum
500 1968 540 2002 in
561 1966 699 2002 orbem
719 1967 835 2009 sitae,
858 1964 963 2001 unde
985 1971 1028 2001 et
1049 1977 1197 2002 nomen
1218 1970 1378 2002 traxere

212 2039 281 2084 164
