<?xml version="1.0" encoding="UTF-8"?>
<!DOCTYPE html PUBLIC "-//W3C//DTD XHTML 1.0 Transitional//EN"
    "http://www.w3.org/TR/xhtml1/DTD/xhtml1-transitional.dtd">
<html xmlns="http://www.w3.org/1999/xhtml" xml:lang="en" lang="en">
 <head>
  <title>
</title>
<meta http-equiv="Content-Type" content="text/html;charset=utf-8" />
  <meta name='ocr-system' content='tesseract 3.04.00' />
  <meta name='ocr-capabilities' content='ocr_page ocr_carea ocr_par ocr_line ocrx_word'/>
</head>
<body>
  <div class='ocr_page' id='page_1' title='image "./naturalhistory02plinuoft/naturalhistory02plinuoft_0566.png"; bbox 0 0 1515 2351; ppageno 0'>
   <div class='ocr_carea' id='block_1_1' title="bbox 115 502 157 532">
    <p class='ocr_par' dir='ltr' id='par_1_1' title="bbox 115 502 157 532">
     <span class='ocr_line' id='line_1_1' title="bbox 115 502 157 532; baseline 0 0"><span class='ocrx_word' id='word_1_1' title='bbox 115 502 157 532; x_wconf 88' lang='lat'><strong>68</strong></span> 
     </span>
    </p>
   </div>
   <div class='ocr_carea' id='block_1_2' title="bbox 115 914 157 943">
    <p class='ocr_par' dir='ltr' id='par_1_2' title="bbox 115 914 157 943">
     <span class='ocr_line' id='line_1_2' title="bbox 115 914 157 943; baseline 0 0"><span class='ocrx_word' id='word_1_2' title='bbox 115 914 157 943; x_wconf 81' lang='lat'><strong>69</strong></span> 
     </span>
    </p>
   </div>
   <div class='ocr_carea' id='block_1_3' title="bbox 117 1385 158 1415">
    <p class='ocr_par' dir='ltr' id='par_1_3' title="bbox 117 1385 158 1415">
     <span class='ocr_line' id='line_1_3' title="bbox 117 1385 158 1415; baseline 0 -1"><span class='ocrx_word' id='word_1_3' title='bbox 117 1385 158 1415; x_wconf 78' lang='grc' dir='ltr'><strong>ΤΟ</strong></span> 
     </span>
    </p>
   </div>
   <div class='ocr_carea' id='block_1_4' title="bbox 386 157 1169 198">
    <p class='ocr_par' dir='ltr' id='par_1_4' title="bbox 386 157 1169 198">
     <span class='ocr_line' id='line_1_4' title="bbox 386 157 1169 198; baseline 0.005 -4"><span class='ocrx_word' id='word_1_4' title='bbox 386 157 554 197; x_wconf 91' lang='lat' dir='ltr'><strong>PLINY</strong></span> <span class='ocrx_word' id='word_1_5' title='bbox 568 173 577 197; x_wconf 90' lang='lat'>:</span> <span class='ocrx_word' id='word_1_6' title='bbox 631 159 896 198; x_wconf 81' lang='lat' dir='ltr'>NATURAL</span> <span class='ocrx_word' id='word_1_7' title='bbox 932 160 1169 198; x_wconf 90' lang='lat' dir='ltr'>HISTORY</span> 
     </span>
    </p>
   </div>
   <div class='ocr_carea' id='block_1_5' title="bbox 182 261 1375 1660">
    <p class='ocr_par' dir='ltr' id='par_1_5' title="bbox 185 261 1374 488">
     <span class='ocr_line' id='line_1_5' title="bbox 186 261 1374 315; baseline 0.003 -17"><span class='ocrx_word' id='word_1_8' title='bbox 186 261 329 299; x_wconf 89' lang='lat' dir='ltr'><strong>eodem</strong></span> <span class='ocrx_word' id='word_1_9' title='bbox 350 264 432 299; x_wconf 90' lang='lat' dir='ltr'><strong>viro</strong></span> <span class='ocrx_word' id='word_1_10' title='bbox 452 275 586 299; x_wconf 88' lang='lat' dir='ltr'><strong>rursus</strong></span> <span class='ocrx_word' id='word_1_11' title='bbox 606 265 836 313; x_wconf 84' lang='lat' dir='ltr'>conceperit</span> <span class='ocrx_word' id='word_1_12' title='bbox 856 263 1107 314; x_wconf 84' lang='lat' dir='ltr'>arbitratur).</span> <span class='ocrx_word' id='word_1_13' title='bbox 1155 265 1374 315; x_wconf 83' lang='lat' dir='ltr'><strong>incipiente</strong></span> 
     </span>
     <span class='ocr_line' id='line_1_6' title="bbox 186 319 1371 372; baseline 0.003 -15"><span class='ocrx_word' id='word_1_14' title='bbox 186 327 323 357; x_wconf 81' lang='lat' dir='ltr'><strong>autem</strong></span> <span class='ocrx_word' id='word_1_15' title='bbox 357 319 431 358; x_wconf 92' lang='lat' dir='ltr'><strong>hoc</strong></span> <span class='ocrx_word' id='word_1_16' title='bbox 461 327 572 358; x_wconf 87' lang='lat' dir='ltr'><strong>statu</strong></span> <span class='ocrx_word' id='word_1_17' title='bbox 603 327 673 358; x_wconf 83' lang='lat' dir='ltr'><strong>aut</strong></span> <span class='ocrx_word' id='word_1_18' title='bbox 707 321 919 359; x_wconf 82' lang='lat' dir='ltr'><strong>desinente</strong></span> <span class='ocrx_word' id='word_1_19' title='bbox 945 328 1164 372; x_wconf 89' lang='lat' dir='ltr'><strong>conceptus</strong></span> <span class='ocrx_word' id='word_1_20' title='bbox 1196 322 1371 360; x_wconf 87' lang='lat' dir='ltr'><strong>facillimi</strong></span> 
     </span>
     <span class='ocr_line' id='line_1_7' title="bbox 186 379 1371 432; baseline 0.002 -16"><span class='ocrx_word' id='word_1_21' title='bbox 186 379 412 417; x_wconf 87' lang='lat' dir='ltr'><strong>traduntur.</strong></span> <span class='ocrx_word' id='word_1_22' title='bbox 462 379 724 417; x_wconf 76' lang='lat' dir='ltr'><strong>fecunditatis</strong></span> <span class='ocrx_word' id='word_1_23' title='bbox 765 383 805 416; x_wconf 91' lang='lat' dir='ltr'><strong>in</strong></span> <span class='ocrx_word' id='word_1_24' title='bbox 850 379 1007 417; x_wconf 88' lang='lat' dir='ltr'><strong>feminis</strong></span> <span class='ocrx_word' id='word_1_25' title='bbox 1049 384 1371 432; x_wconf 82' lang='lat' dir='ltr'><strong>praerogativam</strong></span> 
     </span>
     <span class='ocr_line' id='line_1_8' title="bbox 185 439 1351 488; baseline 0.003 -13"><span class='ocrx_word' id='word_1_26' title='bbox 185 441 411 488; x_wconf 86' lang='lat' dir='ltr'><strong>accepimus</strong></span> <span class='ocrx_word' id='word_1_27' title='bbox 431 441 604 476; x_wconf 85' lang='lat' dir='ltr'><strong>inunctis</strong></span> <span class='ocrx_word' id='word_1_28' title='bbox 624 439 890 476; x_wconf 85' lang='lat' dir='ltr'><strong>medicamine</strong></span> <span class='ocrx_word' id='word_1_29' title='bbox 909 439 1031 476; x_wconf 93' lang='lat' dir='ltr'><strong>oculis</strong></span> <span class='ocrx_word' id='word_1_30' title='bbox 1051 439 1214 477; x_wconf 85' lang='lat' dir='ltr'><strong>salivam</strong></span> <span class='ocrx_word' id='word_1_31' title='bbox 1233 441 1351 478; x_wconf 82' lang='lat' dir='ltr'><strong>infici.</strong></span> 
     </span>
    </p>

    <p class='ocr_par' dir='ltr' id='par_1_6' title="bbox 182 497 1375 1660">
     <span class='ocr_line' id='line_1_9' title="bbox 234 497 1372 550; baseline 0.003 -17"><span class='ocrx_word' id='word_1_32' title='bbox 234 497 425 534; x_wconf 82' lang='lat' dir='ltr'><strong>Ceterum</strong></span> <span class='ocrx_word' id='word_1_33' title='bbox 446 497 565 534; x_wconf 83' lang='lat' dir='ltr'><strong>editis</strong></span> <span class='ocrx_word' id='word_1_34' title='bbox 584 500 776 548; x_wconf 90' lang='lat' dir='ltr'><strong>primores</strong></span> <span class='ocrx_word' id='word_1_35' title='bbox 796 500 968 548; x_wconf 84' lang='lat' dir='ltr'><strong>septimo</strong></span> <span class='ocrx_word' id='word_1_36' title='bbox 988 511 1126 535; x_wconf 87' lang='lat' dir='ltr'><strong>mense</strong></span> <span class='ocrx_word' id='word_1_37' title='bbox 1146 501 1256 550; x_wconf 88' lang='lat' dir='ltr'><strong>gigni</strong></span> <span class='ocrx_word' id='word_1_38' title='bbox 1276 499 1372 537; x_wconf 92' lang='lat' dir='ltr'><strong>den-</strong></span> 
     </span>
     <span class='ocr_line' id='line_1_10' title="bbox 185 555 1374 607; baseline 0.003 -15"><span class='ocrx_word' id='word_1_39' title='bbox 185 561 261 600; x_wconf 89' lang='lat' dir='ltr'><strong>tes,</strong></span> <span class='ocrx_word' id='word_1_40' title='bbox 292 558 481 606; x_wconf 86' lang='lat' dir='ltr'><strong>priusque</strong></span> <span class='ocrx_word' id='word_1_41' title='bbox 514 558 554 592; x_wconf 92' lang='lat' dir='ltr'><strong>in</strong></span> <span class='ocrx_word' id='word_1_42' title='bbox 586 569 758 606; x_wconf 84' lang='lat' dir='ltr'><strong>superna</strong></span> <span class='ocrx_word' id='word_1_43' title='bbox 789 555 873 594; x_wconf 90' lang='lat' dir='ltr'><strong>fere</strong></span> <span class='ocrx_word' id='word_1_44' title='bbox 904 562 1036 607; x_wconf 87' lang='lat' dir='ltr'><strong>parte,</strong></span> <span class='ocrx_word' id='word_1_45' title='bbox 1068 556 1175 594; x_wconf 86' lang='lat' dir='ltr'><strong>haud</strong></span> <span class='ocrx_word' id='word_1_46' title='bbox 1206 557 1374 596; x_wconf 80' lang='lat' dir='ltr'><strong>dubium</strong></span> 
     </span>
     <span class='ocr_line' id='line_1_11' title="bbox 185 615 1374 666; baseline 0.002 -15"><span class='ocrx_word' id='word_1_47' title='bbox 185 620 261 658; x_wconf 86' lang='lat' dir='ltr'><strong>est,</strong></span> <span class='ocrx_word' id='word_1_48' title='bbox 290 617 462 664; x_wconf 77' lang='lat' dir='ltr'><strong>septimo</strong></span> <span class='ocrx_word' id='word_1_49' title='bbox 491 615 654 652; x_wconf 85' lang='lat' dir='ltr'><strong>eosdem</strong></span> <span class='ocrx_word' id='word_1_50' title='bbox 683 615 869 652; x_wconf 84' lang='lat' dir='ltr'><strong>decidere</strong></span> <span class='ocrx_word' id='word_1_51' title='bbox 898 628 1003 652; x_wconf 89' lang='lat' dir='ltr'><strong>anno</strong></span> <span class='ocrx_word' id='word_1_52' title='bbox 1031 615 1208 666; x_wconf 90' lang='lat' dir='ltr'><strong>aliosque</strong></span> <span class='ocrx_word' id='word_1_53' title='bbox 1236 617 1374 662; x_wconf 88' lang='lat' dir='ltr'><strong>suffici,</strong></span> 
     </span>
     <span class='ocr_line' id='line_1_12' title="bbox 185 673 1374 724; baseline 0.002 -14"><span class='ocrx_word' id='word_1_54' title='bbox 185 673 379 724; x_wconf 83' lang='lat' dir='ltr'><strong>quosdam</strong></span> <span class='ocrx_word' id='word_1_55' title='bbox 407 680 449 711; x_wconf 88' lang='lat' dir='ltr'><strong>et</strong></span> <span class='ocrx_word' id='word_1_56' title='bbox 476 687 567 711; x_wconf 94' lang='lat' dir='ltr'><strong>cum</strong></span> <span class='ocrx_word' id='word_1_57' title='bbox 595 674 784 711; x_wconf 85' lang='lat' dir='ltr'><strong>dentibus</strong></span> <span class='ocrx_word' id='word_1_58' title='bbox 813 676 935 718; x_wconf 83' lang='lat' dir='ltr'><strong>nasci,</strong></span> <span class='ocrx_word' id='word_1_59' title='bbox 962 677 1065 711; x_wconf 86' lang='lat' dir='ltr'><strong>sicut</strong></span> <span class='ocrx_word' id='word_1_60' title='bbox 1095 673 1167 712; x_wconf 87' lang='lat' dir='ltr'><strong>M’.</strong></span> <span class='ocrx_word' id='word_1_61' title='bbox 1197 674 1374 720; x_wconf 90' lang='lat' dir='ltr'><strong>Curium,</strong></span> 
     </span>
     <span class='ocr_line' id='line_1_13' title="bbox 185 732 1374 784; baseline 0.002 -16"><span class='ocrx_word' id='word_1_62' title='bbox 185 735 251 782; x_wconf 90' lang='lat' dir='ltr'><strong>qui</strong></span> <span class='ocrx_word' id='word_1_63' title='bbox 267 733 318 769; x_wconf 94' lang='lat' dir='ltr'><strong>ob</strong></span> <span class='ocrx_word' id='word_1_64' title='bbox 334 733 374 769; x_wconf 88' lang='lat' dir='ltr'><strong>id</strong></span> <span class='ocrx_word' id='word_1_65' title='bbox 391 733 594 769; x_wconf 79' lang='lat' dir='ltr'><strong>Dentatus</strong></span> <span class='ocrx_word' id='word_1_66' title='bbox 610 735 915 783; x_wconf 86' lang='lat' dir='ltr'><strong>cognominatus</strong></span> <span class='ocrx_word' id='word_1_67' title='bbox 931 739 1007 777; x_wconf 86' lang='lat' dir='ltr'><strong>est,</strong></span> <span class='ocrx_word' id='word_1_68' title='bbox 1023 739 1065 770; x_wconf 90' lang='lat' dir='ltr'><strong>et</strong></span> <span class='ocrx_word' id='word_1_69' title='bbox 1081 733 1152 770; x_wconf 92' lang='lat' dir='ltr'><strong>Cn.</strong></span> <span class='ocrx_word' id='word_1_70' title='bbox 1171 732 1374 784; x_wconf 89' lang='lat' dir='ltr'><strong>Papirium</strong></span> 
     </span>
     <span class='ocr_line' id='line_1_14' title="bbox 185 791 1374 841; baseline 0.003 -14"><span class='ocrx_word' id='word_1_71' title='bbox 185 791 424 835; x_wconf 84' lang='lat' dir='ltr'><strong>Carbonem,</strong></span> <span class='ocrx_word' id='word_1_72' title='bbox 480 791 704 841; x_wconf 82' lang='lat' dir='ltr'><strong>praeclaros</strong></span> <span class='ocrx_word' id='word_1_73' title='bbox 760 794 875 828; x_wconf 87' lang='lat' dir='ltr'><strong>viros.</strong></span> <span class='ocrx_word' id='word_1_74' title='bbox 929 794 970 828; x_wconf 93' lang='lat' dir='ltr'><strong>in</strong></span> <span class='ocrx_word' id='word_1_75' title='bbox 1015 791 1173 829; x_wconf 89' lang='lat' dir='ltr'><strong>feminis</strong></span> <span class='ocrx_word' id='word_1_76' title='bbox 1219 805 1268 830; x_wconf 87' lang='lat' dir='ltr'><strong>ea</strong></span> <span class='ocrx_word' id='word_1_77' title='bbox 1312 806 1374 830; x_wconf 88' lang='lat' dir='ltr'><strong>res</strong></span> 
     </span>
     <span class='ocr_line' id='line_1_15' title="bbox 184 850 1374 901; baseline 0.002 -15"><span class='ocrx_word' id='word_1_78' title='bbox 184 852 422 900; x_wconf 77' lang='lat' dir='ltr'><strong>inauspicati</strong></span> <span class='ocrx_word' id='word_1_79' title='bbox 444 850 519 887; x_wconf 90' lang='lat' dir='ltr'><strong>fuit</strong></span> <span class='ocrx_word' id='word_1_80' title='bbox 541 850 715 900; x_wconf 81' lang='lat' dir='ltr'><strong>exempli</strong></span> <span class='ocrx_word' id='word_1_81' title='bbox 737 863 878 901; x_wconf 86' lang='lat' dir='ltr'><strong>regum</strong></span> <span class='ocrx_word' id='word_1_82' title='bbox 898 851 1170 900; x_wconf 75' lang='lat' dir='ltr'><strong>temporibus:</strong></span> <span class='ocrx_word' id='word_1_83' title='bbox 1205 864 1296 888; x_wconf 91' lang='lat' dir='ltr'><strong>cum</strong></span> <span class='ocrx_word' id='word_1_84' title='bbox 1316 853 1374 888; x_wconf 87' lang='lat' dir='ltr'><strong>ita</strong></span> 
     </span>
     <span class='ocr_line' id='line_1_16' title="bbox 182 908 1374 960; baseline 0.002 -15"><span class='ocrx_word' id='word_1_85' title='bbox 182 914 278 945; x_wconf 89' lang='lat' dir='ltr'><strong>nata</strong></span> <span class='ocrx_word' id='word_1_86' title='bbox 313 915 420 946; x_wconf 87' lang='lat' dir='ltr'><strong>esset</strong></span> <span class='ocrx_word' id='word_1_87' title='bbox 454 908 626 953; x_wconf 79' lang='lat' dir='ltr'><strong>Valeria,</strong></span> <span class='ocrx_word' id='word_1_88' title='bbox 661 912 785 946; x_wconf 85' lang='lat' dir='ltr'><strong>exitio</strong></span> <span class='ocrx_word' id='word_1_89' title='bbox 818 911 972 946; x_wconf 90' lang='lat' dir='ltr'><strong>civitati</strong></span> <span class='ocrx_word' id='word_1_90' title='bbox 1006 911 1047 945; x_wconf 90' lang='lat' dir='ltr'><strong>in</strong></span> <span class='ocrx_word' id='word_1_91' title='bbox 1081 923 1203 960; x_wconf 87' lang='lat' dir='ltr'><strong>quam</strong></span> <span class='ocrx_word' id='word_1_92' title='bbox 1237 909 1374 947; x_wconf 87' lang='lat' dir='ltr'><strong>delata</strong></span> 
     </span>
     <span class='ocr_line' id='line_1_17' title="bbox 184 967 1374 1018; baseline 0.001 -14"><span class='ocrx_word' id='word_1_93' title='bbox 184 973 291 1005; x_wconf 88' lang='lat' dir='ltr'><strong>esset</strong></span> <span class='ocrx_word' id='word_1_94' title='bbox 341 967 517 1005; x_wconf 82' lang='lat' dir='ltr'><strong>futuram</strong></span> <span class='ocrx_word' id='word_1_95' title='bbox 568 981 758 1018; x_wconf 83' lang='lat' dir='ltr'><strong>responso</strong></span> <span class='ocrx_word' id='word_1_96' title='bbox 807 967 1063 1018; x_wconf 78' lang='lat' dir='ltr'><strong>haruspicum</strong></span> <span class='ocrx_word' id='word_1_97' title='bbox 1112 971 1374 1013; x_wconf 85' lang='lat' dir='ltr'><strong>vaticinante,</strong></span> 
     </span>
     <span class='ocr_line' id='line_1_18' title="bbox 184 1026 1375 1077; baseline 0.002 -14"><span class='ocrx_word' id='word_1_98' title='bbox 184 1026 369 1063; x_wconf 82' lang='lat' dir='ltr'><strong>Suessam</strong></span> <span class='ocrx_word' id='word_1_99' title='bbox 406 1026 630 1064; x_wconf 87' lang='lat' dir='ltr'><strong>Pometiam</strong></span> <span class='ocrx_word' id='word_1_100' title='bbox 665 1027 731 1063; x_wconf 90' lang='lat' dir='ltr'><strong>illa</strong></span> <span class='ocrx_word' id='word_1_101' title='bbox 764 1032 1013 1077; x_wconf 84' lang='lat' dir='ltr'><strong>tempestate</strong></span> <span class='ocrx_word' id='word_1_102' title='bbox 1049 1026 1375 1065; x_wconf 86' lang='lat' dir='ltr'><strong>florentissimam</strong></span> 
     </span>
     <span class='ocr_line' id='line_1_19' title="bbox 184 1086 1375 1137; baseline 0.002 -15"><span class='ocrx_word' id='word_1_103' title='bbox 184 1086 399 1136; x_wconf 81' lang='lat' dir='ltr'><strong>deportata</strong></span> <span class='ocrx_word' id='word_1_104' title='bbox 429 1092 504 1130; x_wconf 87' lang='lat' dir='ltr'><strong>est,</strong></span> <span class='ocrx_word' id='word_1_105' title='bbox 534 1086 708 1122; x_wconf 81' lang='lat' dir='ltr'><strong>veridico</strong></span> <span class='ocrx_word' id='word_1_106' title='bbox 737 1089 851 1123; x_wconf 83' lang='lat' dir='ltr'><strong>exitu</strong></span> <span class='ocrx_word' id='word_1_107' title='bbox 879 1091 1106 1123; x_wconf 82' lang='lat' dir='ltr'><strong>consecuto.</strong></span> <span class='ocrx_word' id='word_1_108' title='bbox 1162 1086 1375 1137; x_wconf 87' lang='lat' dir='ltr'><strong>(quasdam</strong></span> 
     </span>
     <span class='ocr_line' id='line_1_20' title="bbox 184 1144 1374 1195; baseline 0.002 -14"><span class='ocrx_word' id='word_1_109' title='bbox 184 1151 370 1181; x_wconf 88' lang='lat' dir='ltr'><strong>concreto</strong></span> <span class='ocrx_word' id='word_1_110' title='bbox 417 1145 583 1195; x_wconf 77' lang='lat' dir='ltr'><strong>genitali</strong></span> <span class='ocrx_word' id='word_1_111' title='bbox 631 1147 741 1195; x_wconf 83' lang='lat' dir='ltr'><strong>gigni</strong></span> <span class='ocrx_word' id='word_1_112' title='bbox 789 1144 963 1182; x_wconf 82' lang='lat' dir='ltr'><strong>infausto</strong></span> <span class='ocrx_word' id='word_1_113' title='bbox 1010 1147 1142 1182; x_wconf 88' lang='lat' dir='ltr'><strong>omine</strong></span> <span class='ocrx_word' id='word_1_114' title='bbox 1190 1145 1374 1183; x_wconf 89' lang='lat' dir='ltr'><strong>Cornelia</strong></span> 
     </span>
     <span class='ocr_line' id='line_1_21' title="bbox 185 1203 1374 1254; baseline 0.002 -14"><span class='ocrx_word' id='word_1_115' title='bbox 185 1203 455 1241; x_wconf 83' lang='lat' dir='ltr'><strong>Gracchorum</strong></span> <span class='ocrx_word' id='word_1_116' title='bbox 478 1210 608 1241; x_wconf 79' lang='lat' dir='ltr'><strong>mater</strong></span> <span class='ocrx_word' id='word_1_117' title='bbox 629 1204 774 1241; x_wconf 88' lang='lat' dir='ltr'><strong>indicio</strong></span> <span class='ocrx_word' id='word_1_118' title='bbox 796 1205 887 1254; x_wconf 84' lang='lat' dir='ltr'><strong>cst.)</strong></span> <span class='ocrx_word' id='word_1_119' title='bbox 942 1203 1062 1254; x_wconf 90' lang='lat' dir='ltr'><strong>aliqui</strong></span> <span class='ocrx_word' id='word_1_120' title='bbox 1085 1207 1169 1242; x_wconf 87' lang='lat' dir='ltr'><strong>vice</strong></span> <span class='ocrx_word' id='word_1_121' title='bbox 1191 1204 1374 1242; x_wconf 83' lang='lat' dir='ltr'><strong>dentium</strong></span> 
     </span>
     <span class='ocr_line' id='line_1_22' title="bbox 183 1261 1373 1314; baseline 0 -15"><span class='ocrx_word' id='word_1_122' title='bbox 183 1266 374 1300; x_wconf 73' lang='lat' dir='ltr'><strong>continuo</strong></span> <span class='ocrx_word' id='word_1_123' title='bbox 399 1276 486 1300; x_wconf 88' lang='lat' dir='ltr'><strong>osse</strong></span> <span class='ocrx_word' id='word_1_124' title='bbox 512 1266 747 1313; x_wconf 82' lang='lat' dir='ltr'><strong>gignuntur,</strong></span> <span class='ocrx_word' id='word_1_125' title='bbox 773 1265 888 1300; x_wconf 88' lang='lat' dir='ltr'><strong>sicuti</strong></span> <span class='ocrx_word' id='word_1_126' title='bbox 916 1261 1078 1300; x_wconf 87' lang='lat' dir='ltr'><strong>Prusiae</strong></span> <span class='ocrx_word' id='word_1_127' title='bbox 1104 1265 1210 1313; x_wconf 86' lang='lat' dir='ltr'><strong>regis</strong></span> <span class='ocrx_word' id='word_1_128' title='bbox 1235 1262 1373 1314; x_wconf 90' lang='lat' dir='ltr'><strong>Bithy-</strong></span> 
     </span>
     <span class='ocr_line' id='line_1_23' title="bbox 185 1319 1373 1372; baseline 0 -14"><span class='ocrx_word' id='word_1_129' title='bbox 185 1324 339 1358; x_wconf 91' lang='lat' dir='ltr'><strong>niorum</strong></span> <span class='ocrx_word' id='word_1_130' title='bbox 366 1322 466 1358; x_wconf 90' lang='lat' dir='ltr'><strong>filius</strong></span> <span class='ocrx_word' id='word_1_131' title='bbox 490 1335 664 1372; x_wconf 89' lang='lat' dir='ltr'><strong>superna</strong></span> <span class='ocrx_word' id='word_1_132' title='bbox 688 1327 802 1372; x_wconf 90' lang='lat' dir='ltr'><strong>parte</strong></span> <span class='ocrx_word' id='word_1_133' title='bbox 827 1324 917 1358; x_wconf 87' lang='lat' dir='ltr'><strong>oris.</strong></span> <span class='ocrx_word' id='word_1_134' title='bbox 971 1321 1115 1359; x_wconf 87' lang='lat' dir='ltr'><strong>dentes</strong></span> <span class='ocrx_word' id='word_1_135' title='bbox 1140 1327 1279 1359; x_wconf 85' lang='lat' dir='ltr'><strong>autem</strong></span> <span class='ocrx_word' id='word_1_136' title='bbox 1303 1324 1343 1358; x_wconf 91' lang='lat' dir='ltr'><strong>in</strong></span> <span class='ocrx_word' id='word_1_137' title='bbox 1358 1319 1373 1345; x_wconf 82' lang='lat'>²</span> 
     </span>
     <span class='ocr_line' id='line_1_24' title="bbox 183 1380 1374 1431; baseline 0 -14"><span class='ocrx_word' id='word_1_138' title='bbox 183 1386 343 1417; x_wconf 86' lang='lat' dir='ltr'><strong>tantum</strong></span> <span class='ocrx_word' id='word_1_139' title='bbox 368 1383 504 1417; x_wconf 88' lang='lat' dir='ltr'><strong>invicti</strong></span> <span class='ocrx_word' id='word_1_140' title='bbox 529 1387 622 1417; x_wconf 87' lang='lat' dir='ltr'><strong>sunt</strong></span> <span class='ocrx_word' id='word_1_141' title='bbox 647 1381 805 1431; x_wconf 85' lang='lat' dir='ltr'><strong>ignibus</strong></span> <span class='ocrx_word' id='word_1_142' title='bbox 830 1385 875 1417; x_wconf 93' lang='lat' dir='ltr'><strong>ut</strong></span> <span class='ocrx_word' id='word_1_143' title='bbox 892 1380 907 1403; x_wconf 86' lang='lat'><strong>²</strong></span> <span class='ocrx_word' id='word_1_144' title='bbox 931 1393 1005 1417; x_wconf 91' lang='lat' dir='ltr'><strong>nec</strong></span> <span class='ocrx_word' id='word_1_145' title='bbox 1028 1386 1259 1417; x_wconf 84' lang='lat' dir='ltr'><strong>crementur</strong></span> <span class='ocrx_word' id='word_1_146' title='bbox 1282 1394 1374 1418; x_wconf 90' lang='lat' dir='ltr'><strong>cum</strong></span> 
     </span>
     <span class='ocr_line' id='line_1_25' title="bbox 184 1438 1375 1490; baseline 0.001 -15"><span class='ocrx_word' id='word_1_147' title='bbox 184 1439 337 1489; x_wconf 82' lang='lat' dir='ltr'><strong>reliquo</strong></span> <span class='ocrx_word' id='word_1_148' title='bbox 358 1452 537 1490; x_wconf 86' lang='lat' dir='ltr'><strong>corpore,</strong></span> <span class='ocrx_word' id='word_1_149' title='bbox 558 1439 762 1489; x_wconf 84' lang='lat' dir='ltr'><strong>iidemque</strong></span> <span class='ocrx_word' id='word_1_150' title='bbox 785 1438 953 1475; x_wconf 85' lang='lat' dir='ltr'><strong>flammis</strong></span> <span class='ocrx_word' id='word_1_151' title='bbox 976 1438 1159 1476; x_wconf 86' lang='lat' dir='ltr'><strong>indomiti</strong></span> <span class='ocrx_word' id='word_1_152' title='bbox 1181 1445 1375 1476; x_wconf 86' lang='lat' dir='ltr'><strong>cavantur</strong></span> 
     </span>
     <span class='ocr_line' id='line_1_26' title="bbox 185 1497 1375 1548; baseline 0.001 -14"><span class='ocrx_word' id='word_1_153' title='bbox 185 1499 280 1535; x_wconf 87' lang='lat' dir='ltr'><strong>tabe</strong></span> <span class='ocrx_word' id='word_1_154' title='bbox 324 1501 508 1548; x_wconf 84' lang='lat' dir='ltr'><strong>pituitae.</strong></span> <span class='ocrx_word' id='word_1_155' title='bbox 563 1498 778 1535; x_wconf 89' lang='lat' dir='ltr'><strong>candorem</strong></span> <span class='ocrx_word' id='word_1_156' title='bbox 822 1497 989 1534; x_wconf 87' lang='lat' dir='ltr'><strong>trahunt</strong></span> <span class='ocrx_word' id='word_1_157' title='bbox 1032 1497 1207 1548; x_wconf 90' lang='lat' dir='ltr'><strong>quodam</strong></span> <span class='ocrx_word' id='word_1_158' title='bbox 1249 1497 1375 1535; x_wconf 92' lang='lat' dir='ltr'><strong>medi-</strong></span> 
     </span>
     <span class='ocr_line' id='line_1_27' title="bbox 184 1556 1374 1607; baseline 0.002 -15"><span class='ocrx_word' id='word_1_159' title='bbox 184 1559 352 1594; x_wconf 84' lang='lat' dir='ltr'><strong>camine.</strong></span> <span class='ocrx_word' id='word_1_160' title='bbox 409 1571 481 1594; x_wconf 82' lang='lat' dir='ltr'><strong>usu</strong></span> <span class='ocrx_word' id='word_1_161' title='bbox 505 1563 751 1601; x_wconf 77' lang='lat' dir='ltr'><strong>atteruntur,</strong></span> <span class='ocrx_word' id='word_1_162' title='bbox 775 1556 982 1607; x_wconf 81' lang='lat' dir='ltr'><strong>multoque</strong></span> <span class='ocrx_word' id='word_1_163' title='bbox 1007 1559 1114 1607; x_wconf 90' lang='lat' dir='ltr'><strong>prius</strong></span> <span class='ocrx_word' id='word_1_164' title='bbox 1131 1556 1146 1579; x_wconf 86' lang='lat'>³</span> <span class='ocrx_word' id='word_1_165' title='bbox 1168 1558 1209 1593; x_wconf 92' lang='lat' dir='ltr'><strong>in</strong></span> <span class='ocrx_word' id='word_1_166' title='bbox 1233 1556 1374 1607; x_wconf 88' lang='lat' dir='ltr'><strong>aliquis</strong></span> 
     </span>
     <span class='ocr_line' id='line_1_28' title="bbox 185 1615 1374 1660; baseline 0 -8"><span class='ocrx_word' id='word_1_167' title='bbox 185 1615 389 1652; x_wconf 82' lang='lat' dir='ltr'><strong>deficiunt.</strong></span> <span class='ocrx_word' id='word_1_168' title='bbox 446 1629 519 1652; x_wconf 92' lang='lat' dir='ltr'><strong>nec</strong></span> <span class='ocrx_word' id='word_1_169' title='bbox 546 1617 634 1653; x_wconf 84' lang='lat' dir='ltr'><strong>cibo</strong></span> <span class='ocrx_word' id='word_1_170' title='bbox 662 1621 821 1652; x_wconf 87' lang='lat' dir='ltr'><strong>tanturn</strong></span> <span class='ocrx_word' id='word_1_171' title='bbox 851 1621 893 1652; x_wconf 91' lang='lat' dir='ltr'><strong>et</strong></span> <span class='ocrx_word' id='word_1_172' title='bbox 920 1615 1120 1652; x_wconf 88' lang='lat' dir='ltr'><strong>alimentis</strong></span> <span class='ocrx_word' id='word_1_173' title='bbox 1148 1617 1374 1660; x_wconf 85' lang='lat' dir='ltr'><strong>necessarii,</strong></span> 
     </span>
    </p>
   </div>
   <div class='ocr_carea' id='block_1_6' title="bbox 587 1709 999 1837">
    <p class='ocr_par' dir='ltr' id='par_1_7' title="bbox 587 1709 999 1837">
     <span class='ocr_line' id='line_1_29' title="bbox 590 1709 934 1750; baseline 0.006 -10"><span class='ocrx_word' id='word_1_174' title='bbox 590 1710 602 1728; x_wconf 82' lang='lat'>²</span> <span class='ocrx_word' id='word_1_175' title='bbox 626 1710 661 1740; x_wconf 93' lang='lat' dir='ltr'><strong>in</strong></span> <span class='ocrx_word' id='word_1_176' title='bbox 677 1709 752 1741; x_wconf 82' lang='lat' dir='ltr'><strong>add.</strong></span> <span class='ocrx_word' id='word_1_177' title='bbox 772 1709 934 1750; x_wconf 78' lang='lat' dir='ltr'><strong>Maykoff.</strong></span> 
     </span>
     <span class='ocr_line' id='line_1_30' title="bbox 588 1752 928 1793; baseline 0.003 -9"><span class='ocrx_word' id='word_1_178' title='bbox 588 1753 600 1772; x_wconf 85' lang='lat'><em>²</em></span> <span class='ocrx_word' id='word_1_179' title='bbox 624 1757 662 1784; x_wconf 80' lang='lat' dir='ltr'><strong>ut</strong></span> <span class='ocrx_word' id='word_1_180' title='bbox 675 1752 749 1783; x_wconf 82' lang='lat' dir='ltr'><strong>add.</strong></span> <span class='ocrx_word' id='word_1_181' title='bbox 767 1753 928 1793; x_wconf 80' lang='lat' dir='ltr'><strong>Mayhoff.</strong></span> 
     </span>
     <span class='ocr_line' id='line_1_31' title="bbox 587 1794 999 1837; baseline 0 -10"><span class='ocrx_word' id='word_1_182' title='bbox 587 1794 600 1814; x_wconf 77' lang='lat'>³</span> <span class='ocrx_word' id='word_1_183' title='bbox 623 1795 808 1828; x_wconf 67' lang='lat' dir='ltr'><strong>Sabdliue:</strong></span> <span class='ocrx_word' id='word_1_184' title='bbox 840 1797 999 1837; x_wconf 86' lang='lat' dir='ltr'><strong>primum.</strong></span> 
     </span>
    </p>
   </div>
   <div class='ocr_carea' id='block_1_7' title="bbox 187 1938 1368 2068">
    <p class='ocr_par' dir='ltr' id='par_1_8' title="bbox 187 1938 1368 2068">
     <span class='ocr_line' id='line_1_32' title="bbox 230 1938 1368 1980; baseline 0 -10"><span class='ocrx_word' id='word_1_185' title='bbox 230 1944 244 1958; x_wconf 80' lang='lat'>⁶</span> <span class='ocrx_word' id='word_1_186' title='bbox 267 1939 307 1970; x_wconf 89' lang='lat' dir='ltr'><strong>In</strong></span> <span class='ocrx_word' id='word_1_187' title='bbox 326 1939 484 1976; x_wconf 80' lang='lat' dir='ltr'><strong>Latium;</strong></span> <span class='ocrx_word' id='word_1_188' title='bbox 510 1939 701 1980; x_wconf 83' lang='lat' dir='ltr'><strong>conquered</strong></span> <span class='ocrx_word' id='word_1_189' title='bbox 720 1939 764 1980; x_wconf 89' lang='lat' dir='ltr'><strong>by</strong></span> <span class='ocrx_word' id='word_1_190' title='bbox 782 1939 840 1971; x_wconf 78' lang='lat' dir='ltr'><strong>the</strong></span> <span class='ocrx_word' id='word_1_191' title='bbox 859 1939 1012 1971; x_wconf 74' lang='lat' dir='ltr'><strong>Romans</strong></span> <span class='ocrx_word' id='word_1_192' title='bbox 1036 1939 1144 1970; x_wconf 83' lang='lat' dir='ltr'><strong>under</strong></span> <span class='ocrx_word' id='word_1_193' title='bbox 1163 1938 1368 1979; x_wconf 82' lang='lat' dir='ltr'><strong>Tarquinius</strong></span> 
     </span>
     <span class='ocr_line' id='line_1_33' title="bbox 188 1982 1368 2023; baseline 0 -10"><span class='ocrx_word' id='word_1_194' title='bbox 188 1983 330 2014; x_wconf 75' lang='lat' dir='ltr'><strong>Priscus.</strong></span> <span class='ocrx_word' id='word_1_195' title='bbox 366 1982 398 2014; x_wconf 77' lang='lat' dir='ltr'><strong>It</strong></span> <span class='ocrx_word' id='word_1_196' title='bbox 413 1982 564 2014; x_wconf 79' lang='lat' dir='ltr'><strong>revolted</strong></span> <span class='ocrx_word' id='word_1_197' title='bbox 578 1984 611 2014; x_wconf 89' lang='lat' dir='ltr'><strong>in</strong></span> <span class='ocrx_word' id='word_1_198' title='bbox 625 1984 688 2015; x_wconf 85' lang='lat'><strong>503</strong></span> <span class='ocrx_word' id='word_1_199' title='bbox 706 1991 770 2013; x_wconf 63' lang='lat' dir='ltr'><strong>uo.</strong></span> <span class='ocrx_word' id='word_1_200' title='bbox 784 1982 851 2013; x_wconf 80' lang='lat' dir='ltr'><strong>und</strong></span> <span class='ocrx_word' id='word_1_201' title='bbox 868 1993 934 2014; x_wconf 83' lang='lat' dir='ltr'><strong>was</strong></span> <span class='ocrx_word' id='word_1_202' title='bbox 949 1983 1089 2014; x_wconf 81' lang='lat' dir='ltr'><strong>rctaken</strong></span> <span class='ocrx_word' id='word_1_203' title='bbox 1105 1982 1149 2023; x_wconf 89' lang='lat' dir='ltr'><strong>by</strong></span> <span class='ocrx_word' id='word_1_204' title='bbox 1163 1982 1220 2023; x_wconf 85' lang='lat' dir='ltr'><strong>Sp.</strong></span> <span class='ocrx_word' id='word_1_205' title='bbox 1235 1982 1368 2014; x_wconf 75' lang='lat' dir='ltr'><strong>Cassius</strong></span> 
     </span>
     <span class='ocr_line' id='line_1_34' title="bbox 187 2025 872 2068; baseline 0.001 -12"><span class='ocrx_word' id='word_1_206' title='bbox 187 2027 219 2056; x_wconf 87' lang='lat' dir='ltr'><strong>in</strong></span> <span class='ocrx_word' id='word_1_207' title='bbox 237 2026 294 2057; x_wconf 85' lang='lat' dir='ltr'><strong>the</strong></span> <span class='ocrx_word' id='word_1_208' title='bbox 311 2025 481 2068; x_wconf 81' lang='lat' dir='ltr'><strong>following</strong></span> <span class='ocrx_word' id='word_1_209' title='bbox 496 2036 579 2067; x_wconf 79' lang='lat' dir='ltr'><strong>year</strong></span> <span class='ocrx_word' id='word_1_210' title='bbox 594 2025 662 2057; x_wconf 80' lang='lat' dir='ltr'><strong>and</strong></span> <span class='ocrx_word' id='word_1_211' title='bbox 679 2025 872 2066; x_wconf 80' lang='lat' dir='ltr'><strong>destroyed.</strong></span> 
     </span>
    </p>
   </div>
   <div class='ocr_carea' id='block_1_8' title="bbox 187 2098 259 2135">
    <p class='ocr_par' dir='ltr' id='par_1_9' title="bbox 187 2098 259 2135">
     <span class='ocr_line' id='line_1_35' title="bbox 187 2098 259 2135; baseline 0.014 -1"><span class='ocrx_word' id='word_1_212' title='bbox 187 2098 259 2135; x_wconf 86' lang='lat'><strong>550</strong></span> 
     </span>
    </p>
   </div>
  </div>
 </body>
</html>
