1515 2351
84 283 126 313 69

89 797 129 828 70

90 1250 127 1281 71

354 107 522 146 PLINY
537 121 546 145 z
598 106 863 145 NATURAL
899 104 1137 144 HISTORY

152 211 463 262 stipendiantur,
502 210 610 248 unde
647 212 887 247 coniectatio
925 211 1065 259 ingens
1103 221 1224 258 opum
1261 213 1336 246 oet.

153 276 204 313 ab
230 275 289 313 his
315 278 355 313 in
379 278 569 313 interiore
595 278 674 311 situ
702 272 924 311 Monaedes
951 279 993 310 et
1017 271 1145 316 Suari,
1170 285 1337 323 quorum

153 354 265 378 mons
284 340 442 377 Maleus
460 343 498 376 in
514 353 593 390 quo
608 338 774 376 umbrae
791 338 841 375 ad
856 339 1174 387 septentrionem
1188 336 1338 374 cadunt

154 403 301 448 hieme,
326 411 483 441 aestate
508 406 547 440 in
573 409 767 446 austrum,
792 415 863 452 per
887 415 1002 439 senos
1027 414 1196 439 menses.
1251 414 1339 451 sep-

153 472 377 506 tentriones
407 482 454 506 eo
481 473 616 505 tractu
643 467 769 504 semel
796 479 900 503 anno
928 465 1137 516 adparere,
1165 479 1238 503 nec
1266 468 1338 503 nisi

155 533 384 584 quindecim
426 532 581 576 diebus,
623 531 780 569 Baeton
821 537 960 568 auctor
1002 536 1077 574 est,
1118 529 1192 568 hoc
1233 530 1340 568 idem

154 597 332 648 pluribus
359 597 452 634 locis
481 597 621 634 Indiae
648 596 731 633 fieri
761 594 1063 646 Megasthenes.
1119 597 1339 632 austrinum

155 662 290 712 polum
333 662 421 699 Indi
464 662 656 699 Diamasa
697 666 853 698 vocant.
908 663 1035 696 amnis
1078 659 1261 697 Iomanes
1300 662 1340 696 in

157 727 328 777 Gangen
339 740 412 777 per
424 725 675 763 Palibothros
687 725 862 763 decurrit
874 727 980 762 inter
991 723 1138 774 oppida
1152 723 1342 761 Methora

158 798 200 829 et
221 791 487 842 Chrysobora.
542 804 565 827 a
594 790 739 841 Gange
767 802 880 827 versa
907 789 959 826 ad
987 788 1195 826 meridiem
1222 788 1342 840 plaga

156 858 369 906 tinguntur
395 855 480 893 sole
507 855 658 906 populi,
683 857 765 891 iam
794 854 956 905 quidem
985 853 1137 897 infecti,
1165 853 1341 891 nondum

155 926 295 958 tamen
314 919 564 972 Aethiopum
583 919 702 957 modo
722 921 876 962 exusti;
910 924 1107 968 quantum
1127 917 1177 955 ad
1198 917 1341 955 Indum

156 985 354 1023 accedunt
367 991 528 1022 tantum
542 984 715 1022 colorem
731 985 745 1008 ¹
765 982 1012 1034 praeferunt.
1069 981 1192 1020 Indus
1205 985 1341 1020 statim

157 1063 180 1087 a
212 1049 438 1087 Prasiorum
470 1055 610 1101 gente,
643 1062 812 1100 quorum
844 1051 884 1084 in
916 1049 1116 1084 montanis
1150 1046 1341 1098 Pygmaei

155 1115 383 1152 traduntur.
441 1113 719 1152 Artemidorus
767 1115 872 1150 inter
916 1111 1015 1150 duos
1062 1124 1200 1149 amnoe
1251 1111 1339 1163 lffil

157 1182 353 1217 interesse
370 1179 509 1217 tradit.

208 1244 365 1282 XXIII.
397 1243 518 1281 Indus
556 1243 692 1281 incolis
729 1241 873 1280 Sindus
911 1239 1137 1292 appellatus
1174 1243 1214 1278 in
1250 1243 1343 1292 iugo

158 1309 325 1347 Caucasi
354 1311 500 1346 montis
531 1307 638 1359 quod
668 1313 832 1344 vocatur
862 1305 1125 1356 Paropanisus
1155 1305 1342 1343 adversus

158 1373 250 1412 solis
269 1380 402 1411 ortum
424 1372 570 1411 effusus
592 1379 633 1410 et
654 1375 739 1422 ipse
760 1371 1009 1422 undeviginti
1031 1373 1171 1420 recipit
1192 1383 1344 1416 amnes,

158 1439 229 1476 sed
248 1438 484 1476 clarissimos
505 1437 729 1488 Hydaspen
749 1441 941 1487 quattuor
960 1435 1057 1472 alios
1077 1434 1344 1479 adferentem,

159 1503 386 1541 Cantabam
408 1505 494 1547 tris,
518 1515 589 1552 per
611 1515 653 1539 se
679 1514 771 1539 vero
793 1498 1039 1551 navigabiles
1062 1499 1278 1536 Acesinum
1301 1505 1343 1537 et

160 1567 371 1619 Hypasim,
407 1567 582 1618 quadam
617 1572 758 1603 tamen
793 1577 986 1616 aquarum
1022 1563 1219 1601 modestia
1254 1577 1343 1601 nus-

160 1646 281 1683 quam
301 1633 419 1670 latior
438 1644 461 1669 ι,
479 1631 618 1669 stadiis
640 1636 709 1667 aut
731 1629 849 1667 altior
869 1642 917 1666 xv
937 1628 1132 1679 passibus,
1154 1628 1344 1678 amplissi-

160 1711 267 1734 mam
296 1697 466 1734 insulam
495 1696 667 1734 efficiens
697 1707 802 1745 quae
830 1693 1019 1730 Prasiane
1047 1694 1275 1729 nominatur
1301 1699 1344 1730 et

159 1761 279 1798 aliam
325 1764 518 1798 minorem
571 1772 674 1810 quae
732 1757 885 1796 Patale.
942 1759 1027 1807 ipse
1084 1769 1154 1806 per
1212 1762 1346 1806 Ικιιμα,

299 1859 311 1878 ¹
338 1857 393 1890 VJ.
409 1858 519 1890 colore
535 1856 659 1897 (colore
675 1866 756 1898 prae
774 1853 860 1897 (se)
893 1854 1009 1886 serunt
1023 1853 1215 1894 Detlessen).

568 1979 582 1995 ⁰
603 1975 674 2006 'rho
695 1974 799 2006 ludus
818 1973 930 2005 Delta.

162 2052 234 2089 390
