1515 2351
170 360 212 390 49

168 1040 210 1071 50

167 1412 207 1443 51

440 126 607 164 PLINY
621 141 630 165 ε
682 127 947 165 NATURAL
982 127 1221 166 HISTORY

235 229 456 275 Tiristasin,
468 230 693 276 Crithoten,
704 230 855 268 Cissam
867 230 1019 267 flumini
1030 231 1165 282 Aegos
1176 230 1421 281 adpositam3

237 305 342 329 nunc
365 291 490 330 habet
513 305 537 329 a
559 292 713 329 colonia
736 293 846 343 Apro
870 298 953 330 iffi
976 306 1015 342 p.
1041 291 1255 330 Resisthon
1279 305 1329 330 ex
1353 292 1422 330 ad-

235 367 348 391 verso
397 354 574 392 coloniae
614 353 819 392 Parianae.
875 360 918 392 et
956 354 1241 405 Hellespontus
1279 367 1336 391 vn
1375 360 1421 392 ut

238 415 438 452 diximus1
462 416 602 453 stadiis
625 416 828 467 Europam
851 416 902 453 ab
929 416 1025 453 Asia
1051 415 1232 454 dividens
1256 429 1295 453 1v
1317 418 1424 454 inter

236 490 279 514 se
308 480 526 515 contrarias
556 478 673 515 urbes
701 477 839 522 habet,
867 480 908 514 in
937 477 1097 529 Europa
1126 477 1349 529 Callipolim
1378 484 1422 515 et

235 538 378 576 Seston
418 545 461 576 et
498 542 539 576 in
578 540 674 576 Asia
714 539 962 590 Lampsacon
1001 545 1044 577 et
1082 539 1269 590 Abydon.
1325 539 1423 577 dein

236 604 556 652 promunturium
581 601 818 639 Cherronesi
840 601 1038 638 Mastusia
1058 601 1268 638 adversum
1289 600 1422 652 Sigeo,

235 666 344 700 cuius
377 666 418 700 in
451 663 583 701 fronte
616 663 777 714 obliqua
810 663 1056 714 Cynossema
1088 664 1162 713 (ita
1195 662 1424 714 appellatur

237 725 428 763 Hecubae
471 725 677 775 tumulus),
717 728 840 763 statio
881 724 1148 769 Achaeorum,
1198 731 1240 762 et
1287 728 1422 770 turris,

235 786 447 825 delubrum
500 786 707 825 Protesilai
761 793 804 825 et
856 790 896 824 in
949 793 1132 825 extrema
1186 786 1422 825 Cherronesi

236 848 382 894 fronte,
427 863 530 900 quae
574 856 738 887 vocatur
781 849 981 894 Aeolium,
1025 849 1217 900 oppidum
1261 849 1421 887 Elaeus.

235 911 330 949 dein
362 914 521 962 petenti
557 911 722 949 Melana
754 914 883 948 sinum
913 917 1050 962 portus
1080 911 1221 949 Coelos
1251 917 1293 949 et
1323 910 1423 949 Pan-

235 972 396 1011 hormus
416 980 458 1011 et
476 988 595 1024 supra
613 974 724 1011 dicta
742 974 896 1011 Cardia.

286 1035 444 1073 Tertius
471 1036 655 1086 Europae
681 1038 788 1073 sinus
815 1036 865 1072 ad
891 1034 995 1072 hunc
1021 1035 1184 1072 modum
1208 1035 1421 1073 clauditur.

234 1103 392 1135 montes
427 1103 542 1135 extra
587 1097 813 1148 praedictos
847 1097 1038 1134 Thraciae
1074 1097 1251 1142 Edonus,
1287 1097 1422 1149 Gyge-

234 1173 378 1205 meros,
408 1159 595 1205 Meritus,
626 1159 950 1210 Melamphyllos,
979 1158 1142 1196 flumina
1170 1162 1210 1196 in
1239 1159 1422 1197 Hebrum

234 1222 421 1259 cadentia
458 1221 624 1273 Bargus,
663 1221 837 1273 Syrmus.
896 1220 1178 1266 Macedoniae,
1215 1220 1423 1267 Thraciae,

236 1283 488 1335 Hellesponti
539 1284 749 1335 longitudo
801 1290 862 1321 est
913 1297 1031 1334 supra
1082 1283 1191 1321 dicta
1243 1283 1422 1334 (quidam

237 1352 361 1384 Dccxjrz
378 1345 559 1396 faciunt),
578 1346 750 1383 latitudo
770 1351 979 1384 cccnxffiil‘
999 1351 1073 1383 est.

286 1408 452 1457 Aegaeo
479 1411 578 1445 mari
607 1421 752 1445 nomen
781 1407 897 1445 dedit
923 1407 1107 1458 scopulus
1135 1410 1241 1444 inter
1267 1407 1422 1445 Tenum

235 1475 277 1507 et
302 1469 446 1507 Chium
471 1472 600 1507 verius
626 1483 746 1521 quam
772 1469 911 1514 insula,
937 1470 1027 1507 Aex
1052 1471 1214 1506 nomine
1240 1483 1263 1506 a
1287 1472 1421 1520 specie

234 1545 377 1583 caprae
425 1533 544 1583 (quae
584 1535 641 1569 ita
692 1531 854 1569 Graecis
894 1531 1148 1583 appellatur),
1191 1537 1359 1582 repente
1399 1545 1421 1570 e

235 1594 368 1632 medio
388 1597 487 1631 mari
507 1594 686 1632 exiliens.
740 1600 910 1631 cernunt
931 1607 1022 1631 eum
1043 1594 1092 1631 ab
1113 1593 1283 1631 dextera
1305 1599 1421 1645 parte

235 1656 490 1694 Antandrum
507 1657 521 1680 ²
546 1658 782 1707 navigantes
806 1657 857 1694 ab
882 1655 1047 1701 Achaia,
1071 1655 1202 1693 dirum
1226 1669 1272 1693 ac
1300 1658 1422 1707 pesti-

235 1717 376 1755 ferum.
432 1719 586 1769 Aegaei
615 1732 704 1769 pars
737 1717 900 1769 Myrtoo
929 1718 1069 1761 datum
1112 1717 1338 1768 appellatur
1370 1718 1421 1755 ab

234 1780 361 1816 insula
385 1793 507 1831 parva
535 1793 638 1831 quae
663 1782 840 1817 cernitur
867 1779 1150 1817 Macedoniam
1176 1792 1200 1816 a
1225 1779 1421 1817 Geraesto

345 1866 354 1885 ¹
380 1865 433 1905 [ut
450 1865 644 1905 diximus]‘.¹
670 1865 739 1896 cdd.
897 1865 910 1884 '⁸’
934 1865 1119 1906 DeHcs-x'en:
1146 1863 1311 1897 Andrum.

451 1957 464 1970 ⁰
489 1951 569 1982 This
588 1951 649 1982 has
669 1955 729 1982 not
747 1952 780 1982 in
799 1950 869 1982 fat-t
889 1951 972 1982 been
989 1950 1063 1982 said
1082 1950 1206 1983 before.

450 1995 462 2014 ⁶
488 1995 680 2032 lx'ilidbhas,
699 2006 719 2026 a
737 1995 824 2026 little
841 1995 945 2026 south
962 1995 997 2026 of
1015 1993 1139 2026 Anzac.

238 2067 305 2104 154
