1515 2351
389 127 556 166 PLINY
571 142 580 165 :
631 127 899 166 NATURAL
934 127 1175 166 HISTORY

187 245 360 277 sumere,
386 234 512 269 ternis
540 231 843 282 expeditionem
871 244 963 268 eam
987 231 1194 269 mensibus
1220 231 1377 276 confici,

187 291 304 329 aliter
325 290 469 328 futuris
491 291 680 342 gregibus
703 303 783 327 non
804 292 958 334 resisti;
993 303 1105 327 casas
1128 302 1267 327 eorum
1288 289 1377 327 luto

123 357 162 387 27
185 353 397 401 pinnisque
423 355 465 387 et
489 362 653 387 ovorum
677 350 951 400 putaminibus
975 351 1164 386 construi.
1219 349 1372 386 Aristo-

188 408 290 446 teles
315 411 356 446 in
381 411 559 446 cavernis
585 411 717 445 vivere
745 406 969 459 Pygmaeos
995 407 1136 453 tradit,
1160 413 1301 445 cetera
1326 407 1376 445 de

188 467 248 505 his
291 473 337 505 ut
379 467 533 518 reliqui.
589 467 740 518 Cyrnos
785 467 976 504 Indorum
1019 480 1146 518 genus
1193 467 1377 518 Isigonus

189 529 301 563 annis
351 529 532 564 centenis
583 526 851 577 quadragenis
902 528 1034 563 vivere
1085 525 1225 570 tradit,
1275 528 1375 563 item

188 585 410 636 Aethiopas
456 584 682 622 Macrobios
726 591 768 623 et
811 583 927 622 Seras
970 587 1178 622 existimat
1220 589 1265 622 et
1307 587 1375 634 quj

189 644 327 682 Athon
354 650 535 682 montem
561 644 751 689 incolant,
776 643 848 681 hos
875 643 1040 694 quidem
1066 646 1161 694 quia
1187 645 1376 694 viperinis

188 704 372 740 carnibus
388 703 560 747 alantur,
575 706 713 753 itaque
729 716 803 740 nec
817 705 940 752 capiti
956 716 1029 739 nee
1045 703 1224 740 vestibus
1239 714 1378 739 eorum

126 769 167 799 28
190 765 309 799 noxia
342 764 497 812 corpori
532 764 661 799 inesse
698 761 896 798 animalia.
952 761 1201 799 Onesicritus
1236 761 1380 810 quibus

189 821 282 858 locis
326 820 465 857 Indiae
509 821 674 857 umbrae
718 833 796 857 non
838 822 919 857 sint
959 832 1126 870 corpora
1167 818 1372 856 hominum

189 880 414 916 cubitorum
435 882 601 929 quinum
621 885 663 916 et
683 879 865 916 binorum
885 878 1109 928 palmorum
1125 881 1314 923 existere,
1334 883 1378 915 et

192 941 322 975 vivere
361 951 484 975 annos
522 951 636 983 cxxx,
674 950 747 975 nee
784 950 993 975 senescere
1032 937 1102 974 sed
1140 937 1208 973 inl
1246 936 1380 974 medio

190 1010 288 1034 aevo
313 999 425 1034 mori.
480 996 620 1034 Crates
646 995 917 1047 Pergamenus
944 995 1064 1033 Indos
1089 998 1156 1046 qui
1181 1000 1373 1033 centenos

191 1069 314 1092 annos
364 1055 564 1093 excedant
614 1055 838 1107 Gymnetas
889 1055 1080 1105 appellat,
1129 1068 1208 1091 non
1257 1055 1373 1104 pauci

193 1114 430 1152 Macrobios.
486 1114 640 1152 Ctesias
665 1120 832 1166 gentem
859 1127 908 1151 ex
935 1113 994 1151 his
1020 1126 1124 1164 quae
1150 1112 1375 1164 appelletur

191 1172 368 1219 Pandae,
395 1176 434 1210 in
461 1173 703 1210 convallibus
730 1176 848 1210 sitam
877 1186 1000 1209 annos
1027 1172 1202 1210 ducenos
1230 1174 1375 1216 vivere,

191 1235 230 1269 in
249 1235 413 1270 iuventa
430 1232 600 1270 candido
618 1232 760 1282 capillo
779 1234 846 1282 qui
866 1234 905 1268 in
923 1237 1134 1269 senectute
1154 1233 1377 1282 nigrescat3

125 1297 166 1327 29
187 1298 327 1329 contra
377 1291 473 1328 alios
525 1291 803 1342 quadragenos
861 1304 939 1328 non
991 1290 1188 1328 excedere
1240 1302 1378 1334 annos,

190 1353 345 1387 iunctos
380 1350 608 1395 Macrobiis,
640 1363 808 1400 quorum
841 1349 1014 1386 feminae
1046 1348 1170 1385 semel
1202 1350 1374 1398 pariant.

190 1409 311 1459 idque
333 1415 373 1447 et
395 1408 715 1460 Agatharchides
736 1408 875 1453 tradit,
895 1414 1106 1458 praeterea
1128 1407 1288 1444 locustis
1308 1419 1376 1444 eos

192 1468 240 1504 ali
274 1474 316 1505 et
349 1481 435 1505 esse
468 1471 660 1519 pernices.
720 1467 960 1504 Mandorum
993 1479 1138 1503 nomen
1171 1465 1231 1503 his
1262 1465 1377 1503 dedit

192 1526 428 1571 Clitarchus,
451 1533 493 1563 et
518 1526 808 1577 Megasthenes
830 1531 1034 1563 trecentos
1057 1538 1215 1576 quoque
1239 1536 1377 1562 eorum

192 1588 295 1623 vicos
342 1586 595 1629 adnumerat,
643 1584 810 1622 feminas
857 1587 1030 1636 septimo
1078 1585 1224 1621 aetatis
1273 1595 1377 1620 anno

126 1652 166 1681 30
189 1658 342 1695 parcre,
393 1650 597 1681 senectam
649 1643 955 1694 quadragesimo
1006 1642 1200 1680 accidere.
1257 1643 1375 1679 Arte-

191 1703 365 1740 midorus
387 1705 426 1740 in
447 1703 683 1754 Taprobane
706 1702 832 1739 insula
855 1702 1124 1753 longissimam
1147 1703 1270 1738 vitam
1292 1702 1377 1738 sine

193 1761 271 1799 ullo
321 1763 494 1813 eorporis
546 1761 736 1812 languore
789 1761 957 1798 traduci.
1013 1760 1134 1798 Duris
1188 1759 1378 1797 Indorum

642 1855 654 1875 ¹
681 1855 854 1896 JIayhoff:
881 1858 932 1887 ut.

597 1996 612 2011 ⁰
634 1991 753 2023 About
769 1991 864 2033 eight
881 1990 963 2025 [οῦδ.

196 2065 267 2105 524
