<?xml version="1.0" encoding="UTF-8"?>
<!DOCTYPE html PUBLIC "-//W3C//DTD XHTML 1.0 Transitional//EN"
    "http://www.w3.org/TR/xhtml1/DTD/xhtml1-transitional.dtd">
<html xmlns="http://www.w3.org/1999/xhtml" xml:lang="en" lang="en">
 <head>
  <title>
</title>
<meta http-equiv="Content-Type" content="text/html;charset=utf-8" />
  <meta name='ocr-system' content='tesseract 3.04.00' />
  <meta name='ocr-capabilities' content='ocr_page ocr_carea ocr_par ocr_line ocrx_word'/>
</head>
<body>
  <div class='ocr_page' id='page_1' title='image "./naturalhistory02plinuoft/naturalhistory02plinuoft_0026.png"; bbox 0 0 1515 2351; ppageno 0'>
   <div class='ocr_carea' id='block_1_1' title="bbox 156 967 194 997">
    <p class='ocr_par' dir='ltr' id='par_1_1' title="bbox 156 967 194 997">
     <span class='ocr_line' id='line_1_1' title="bbox 156 967 194 997; baseline -0.105 0"><span class='ocrx_word' id='word_1_1' title='bbox 156 967 194 997; x_wconf 69' lang='lat'><strong>1⁴»</strong></span> 
     </span>
    </p>
   </div>
   <div class='ocr_carea' id='block_1_2' title="bbox 421 91 1201 131">
    <p class='ocr_par' dir='ltr' id='par_1_2' title="bbox 421 91 1201 131">
     <span class='ocr_line' id='line_1_2' title="bbox 421 91 1201 131; baseline 0 -2"><span class='ocrx_word' id='word_1_2' title='bbox 421 91 587 130; x_wconf 88' lang='lat' dir='ltr'><strong>PLINY</strong></span> <span class='ocrx_word' id='word_1_3' title='bbox 602 108 610 130; x_wconf 76' lang='lat' dir='ltr'>z</span> <span class='ocrx_word' id='word_1_4' title='bbox 663 92 927 131; x_wconf 89' lang='lat' dir='ltr'><strong>NATURAL</strong></span> <span class='ocrx_word' id='word_1_5' title='bbox 963 91 1201 130; x_wconf 87' lang='lat' dir='ltr'><strong>HISTORY</strong></span> 
     </span>
    </p>
   </div>
   <div class='ocr_carea' id='block_1_3' title="bbox 216 193 1405 1958">
    <p class='ocr_par' dir='ltr' id='par_1_3' title="bbox 217 193 1401 411">
     <span class='ocr_line' id='line_1_3' title="bbox 219 193 1401 240; baseline -0.002 -6"><span class='ocrx_word' id='word_1_6' title='bbox 219 195 502 234; x_wconf 74' lang='lat' dir='ltr'>bacchantium</span> <span class='ocrx_word' id='word_1_7' title='bbox 541 210 687 233; x_wconf 89' lang='lat' dir='ltr'><strong>nomen</strong></span> <span class='ocrx_word' id='word_1_8' title='bbox 727 197 886 234; x_wconf 76' lang='lat' dir='ltr'><strong>dedisse</strong></span> <span class='ocrx_word' id='word_1_9' title='bbox 927 196 1172 240; x_wconf 80' lang='lat' dir='ltr'><strong>Lusitaniae,</strong></span> <span class='ocrx_word' id='word_1_10' title='bbox 1210 201 1253 233; x_wconf 80' lang='lat' dir='ltr'><strong>et.</strong></span> <span class='ocrx_word' id='word_1_11' title='bbox 1292 193 1401 232; x_wconf 87' lang='lat' dir='ltr'><strong>Pana</strong></span> 
     </span>
     <span class='ocr_line' id='line_1_4' title="bbox 217 254 1400 306; baseline -0.002 -13"><span class='ocrx_word' id='word_1_12' title='bbox 217 256 467 306; x_wconf 84' lang='lat' dir='ltr'><strong>praefectum</strong></span> <span class='ocrx_word' id='word_1_13' title='bbox 493 257 577 293; x_wconf 88' lang='lat' dir='ltr'><strong>eius</strong></span> <span class='ocrx_word' id='word_1_14' title='bbox 603 258 822 292; x_wconf 83' lang='lat' dir='ltr'><strong>universae.</strong></span> <span class='ocrx_word' id='word_1_15' title='bbox 878 261 919 292; x_wconf 88' lang='lat' dir='ltr'><strong>at</strong></span> <span class='ocrx_word' id='word_1_16' title='bbox 946 268 1049 305; x_wconf 89' lang='lat' dir='ltr'><strong>quae</strong></span> <span class='ocrx_word' id='word_1_17' title='bbox 1074 254 1125 292; x_wconf 90' lang='lat' dir='ltr'><strong>de</strong></span> <span class='ocrx_word' id='word_1_18' title='bbox 1153 254 1327 291; x_wconf 81' lang='lat' dir='ltr'>Hercule</span> <span class='ocrx_word' id='word_1_19' title='bbox 1354 267 1400 291; x_wconf 88' lang='lat' dir='ltr'><strong>ac</strong></span> 
     </span>
     <span class='ocr_line' id='line_1_5' title="bbox 219 313 1399 366; baseline -0.002 -14"><span class='ocrx_word' id='word_1_20' title='bbox 219 314 374 366; x_wconf 83' lang='lat' dir='ltr'><strong>Pyrene</strong></span> <span class='ocrx_word' id='word_1_21' title='bbox 411 315 472 352; x_wconf 84' lang='lat' dir='ltr'><strong>vel</strong></span> <span class='ocrx_word' id='word_1_22' title='bbox 509 314 681 352; x_wconf 88' lang='lat' dir='ltr'><strong>Saturno</strong></span> <span class='ocrx_word' id='word_1_23' title='bbox 717 314 933 352; x_wconf 87' lang='lat' dir='ltr'><strong>traduntur</strong></span> <span class='ocrx_word' id='word_1_24' title='bbox 968 313 1150 351; x_wconf 87' lang='lat' dir='ltr'><strong>fabulosa</strong></span> <span class='ocrx_word' id='word_1_25' title='bbox 1185 316 1225 350; x_wconf 92' lang='lat' dir='ltr'><strong>in</strong></span> <span class='ocrx_word' id='word_1_26' title='bbox 1261 315 1399 364; x_wconf 88' lang='lat' dir='ltr'><strong>primis</strong></span> 
     </span>
     <span class='ocr_line' id='line_1_6' title="bbox 218 375 398 411; baseline 0 -1"><span class='ocrx_word' id='word_1_27' title='bbox 218 375 398 411; x_wconf 84' lang='lat' dir='ltr'>arbitror.</span> 
     </span>
    </p>

    <p class='ocr_par' dir='ltr' id='par_1_4' title="bbox 217 431 1402 954">
     <span class='ocr_line' id='line_1_7' title="bbox 264 431 1396 483; baseline 0 -15"><span class='ocrx_word' id='word_1_28' title='bbox 264 432 399 470; x_wconf 89' lang='lat' dir='ltr'><strong>Baetis</strong></span> <span class='ocrx_word' id='word_1_29' title='bbox 426 435 465 469; x_wconf 91' lang='lat' dir='ltr'><strong>in</strong></span> <span class='ocrx_word' id='word_1_30' title='bbox 493 432 798 470; x_wconf 89' lang='lat' dir='ltr'><strong>Tarraconensis</strong></span> <span class='ocrx_word' id='word_1_31' title='bbox 825 434 1050 483; x_wconf 87' lang='lat' dir='ltr'><strong>provinciae</strong></span> <span class='ocrx_word' id='word_1_32' title='bbox 1079 445 1172 473; x_wconf 78' lang='lat' dir='ltr'><strong>non,</strong></span> <span class='ocrx_word' id='word_1_33' title='bbox 1200 437 1245 468; x_wconf 83' lang='lat' dir='ltr'><strong>ut</strong></span> <span class='ocrx_word' id='word_1_34' title='bbox 1273 431 1396 481; x_wconf 83' lang='lat' dir='ltr'>aliqui</span> 
     </span>
     <span class='ocr_line' id='line_1_8' title="bbox 217 490 1399 542; baseline -0.001 -14"><span class='ocrx_word' id='word_1_35' title='bbox 217 491 370 536; x_wconf 83' lang='lat' dir='ltr'><strong>dixere,</strong></span> <span class='ocrx_word' id='word_1_36' title='bbox 397 491 586 528; x_wconf 80' lang='lat' dir='ltr'><strong>Mentesa</strong></span> <span class='ocrx_word' id='word_1_37' title='bbox 610 491 757 542; x_wconf 91' lang='lat' dir='ltr'><strong>oppido</strong></span> <span class='ocrx_word' id='word_1_38' title='bbox 780 491 851 528; x_wconf 88' lang='lat' dir='ltr'><strong>sed</strong></span> <span class='ocrx_word' id='word_1_39' title='bbox 874 491 1064 541; x_wconf 82' lang='lat' dir='ltr'><strong>Tugiensi</strong></span> <span class='ocrx_word' id='word_1_40' title='bbox 1089 493 1272 528; x_wconf 83' lang='lat' dir='ltr'><strong>exoriens</strong></span> <span class='ocrx_word' id='word_1_41' title='bbox 1295 490 1399 528; x_wconf 91' lang='lat' dir='ltr'><strong>saltu</strong></span> 
     </span>
     <span class='ocr_line' id='line_1_9' title="bbox 218 549 1400 600; baseline -0.001 -13"><span class='ocrx_word' id='word_1_42' title='bbox 218 551 348 600; x_wconf 83' lang='lat' dir='ltr'><strong>(iuxta</strong></span> <span class='ocrx_word' id='word_1_43' title='bbox 360 564 480 600; x_wconf 89' lang='lat' dir='ltr'><strong>quem</strong></span> <span class='ocrx_word' id='word_1_44' title='bbox 492 550 623 587; x_wconf 82' lang='lat' dir='ltr'><strong>Tader</strong></span> <span class='ocrx_word' id='word_1_45' title='bbox 635 550 775 587; x_wconf 85' lang='lat' dir='ltr'><strong>fluvius</strong></span> <span class='ocrx_word' id='word_1_46' title='bbox 789 553 855 600; x_wconf 92' lang='lat' dir='ltr'><strong>qui</strong></span> <span class='ocrx_word' id='word_1_47' title='bbox 869 549 1246 600; x_wconf 81' lang='lat' dir='ltr'><strong>Carthaginiensem</strong></span> <span class='ocrx_word' id='word_1_48' title='bbox 1258 562 1400 600; x_wconf 89' lang='lat' dir='ltr'><strong>agrum</strong></span> 
     </span>
     <span class='ocr_line' id='line_1_10' title="bbox 217 608 1402 660; baseline -0.001 -14"><span class='ocrx_word' id='word_1_49' title='bbox 217 610 338 660; x_wconf 83' lang='lat' dir='ltr'><strong>rigat)</strong></span> <span class='ocrx_word' id='word_1_50' title='bbox 370 609 484 646; x_wconf 92' lang='lat' dir='ltr'><strong>Ilorci</strong></span> <span class='ocrx_word' id='word_1_51' title='bbox 512 609 663 660; x_wconf 87' lang='lat' dir='ltr'><strong>refugit</strong></span> <span class='ocrx_word' id='word_1_52' title='bbox 697 608 890 659; x_wconf 85' lang='lat' dir='ltr'><strong>Scipionis</strong></span> <span class='ocrx_word' id='word_1_53' title='bbox 926 622 1082 659; x_wconf 87' lang='lat' dir='ltr'><strong>rogum,</strong></span> <span class='ocrx_word' id='word_1_54' title='bbox 1106 621 1323 659; x_wconf 80' lang='lat' dir='ltr'><strong>versusque</strong></span> <span class='ocrx_word' id='word_1_55' title='bbox 1359 610 1402 646; x_wconf 89' lang='lat' dir='ltr'><strong>in</strong></span> 
     </span>
     <span class='ocr_line' id='line_1_11' title="bbox 217 667 1402 718; baseline -0.001 -13"><span class='ocrx_word' id='word_1_56' title='bbox 217 681 400 705; x_wconf 88' lang='lat' dir='ltr'><strong>occasum</strong></span> <span class='ocrx_word' id='word_1_57' title='bbox 428 681 623 705; x_wconf 89' lang='lat' dir='ltr'><strong>oceanum</strong></span> <span class='ocrx_word' id='word_1_58' title='bbox 653 668 904 704; x_wconf 84' lang='lat' dir='ltr'><strong>Atlanticum</strong></span> <span class='ocrx_word' id='word_1_59' title='bbox 932 669 1177 718; x_wconf 91' lang='lat' dir='ltr'><strong>provinciam</strong></span> <span class='ocrx_word' id='word_1_60' title='bbox 1205 667 1402 718; x_wconf 87' lang='lat' dir='ltr'><strong>adoptans</strong></span> 
     </span>
     <span class='ocr_line' id='line_1_12' title="bbox 217 726 1401 777; baseline 0 -14"><span class='ocrx_word' id='word_1_61' title='bbox 217 730 336 777; x_wconf 89' lang='lat' dir='ltr'><strong>petit,</strong></span> <span class='ocrx_word' id='word_1_62' title='bbox 356 727 535 764; x_wconf 89' lang='lat' dir='ltr'><strong>modicus</strong></span> <span class='ocrx_word' id='word_1_63' title='bbox 556 730 697 777; x_wconf 89' lang='lat' dir='ltr'><strong>primo,</strong></span> <span class='ocrx_word' id='word_1_64' title='bbox 717 727 788 763; x_wconf 88' lang='lat' dir='ltr'><strong>sed</strong></span> <span class='ocrx_word' id='word_1_65' title='bbox 809 726 1025 764; x_wconf 87' lang='lat' dir='ltr'><strong>multorum</strong></span> <span class='ocrx_word' id='word_1_66' title='bbox 1046 726 1254 763; x_wconf 87' lang='lat' dir='ltr'><strong>fluminum</strong></span> <span class='ocrx_word' id='word_1_67' title='bbox 1274 739 1401 777; x_wconf 83' lang='lat' dir='ltr'>capax</span> 
     </span>
     <span class='ocr_line' id='line_1_13' title="bbox 219 785 1401 836; baseline 0.001 -14"><span class='ocrx_word' id='word_1_68' title='bbox 219 786 361 836; x_wconf 88' lang='lat' dir='ltr'><strong>quibus</strong></span> <span class='ocrx_word' id='word_1_69' title='bbox 415 788 498 835; x_wconf 78' lang='lat' dir='ltr'><strong>ipse</strong></span> <span class='ocrx_word' id='word_1_70' title='bbox 552 785 699 822; x_wconf 89' lang='lat' dir='ltr'><strong>famam</strong></span> <span class='ocrx_word' id='word_1_71' title='bbox 753 799 957 835; x_wconf 81' lang='lat' dir='ltr'><strong>aquasque</strong></span> <span class='ocrx_word' id='word_1_72' title='bbox 1011 785 1155 822; x_wconf 84' lang='lat' dir='ltr'><strong>aufert.</strong></span> <span class='ocrx_word' id='word_1_73' title='bbox 1210 785 1401 823; x_wconf 79' lang='lat' dir='ltr'><strong>Baeticae</strong></span> 
     </span>
     <span class='ocr_line' id='line_1_14' title="bbox 217 843 1402 895; baseline 0 -14"><span class='ocrx_word' id='word_1_74' title='bbox 217 847 389 895; x_wconf 89' lang='lat' dir='ltr'><strong>primum</strong></span> <span class='ocrx_word' id='word_1_75' title='bbox 407 846 457 881; x_wconf 88' lang='lat' dir='ltr'><strong>ab</strong></span> <span class='ocrx_word' id='word_1_76' title='bbox 473 844 731 894; x_wconf 84' lang='lat' dir='ltr'><strong>Ossigetania</strong></span> <span class='ocrx_word' id='word_1_77' title='bbox 746 844 898 881; x_wconf 74' lang='lat' dir='ltr'><strong>infusus</strong></span> <span class='ocrx_word' id='word_1_78' title='bbox 916 858 1086 881; x_wconf 88' lang='lat' dir='ltr'><strong>amoeno</strong></span> <span class='ocrx_word' id='word_1_79' title='bbox 1102 844 1272 881; x_wconf 89' lang='lat' dir='ltr'><strong>blandus</strong></span> <span class='ocrx_word' id='word_1_80' title='bbox 1288 843 1402 882; x_wconf 88' lang='lat' dir='ltr'><strong>alveo</strong></span> 
     </span>
     <span class='ocr_line' id='line_1_15' title="bbox 217 903 1143 954; baseline 0 -14"><span class='ocrx_word' id='word_1_81' title='bbox 217 904 364 940; x_wconf 86' lang='lat' dir='ltr'><strong>crebris</strong></span> <span class='ocrx_word' id='word_1_82' title='bbox 386 903 532 940; x_wconf 82' lang='lat' dir='ltr'><strong>dextra</strong></span> <span class='ocrx_word' id='word_1_83' title='bbox 551 903 745 954; x_wconf 76' lang='lat' dir='ltr'><strong>laevaque</strong></span> <span class='ocrx_word' id='word_1_84' title='bbox 767 903 957 940; x_wconf 85' lang='lat' dir='ltr'><strong>accolitur</strong></span> <span class='ocrx_word' id='word_1_85' title='bbox 976 903 1143 954; x_wconf 89' lang='lat' dir='ltr'><strong>oppidis.</strong></span> 
     </span>
    </p>

    <p class='ocr_par' dir='ltr' id='par_1_5' title="bbox 216 961 1405 1958">
     <span class='ocr_line' id='line_1_16' title="bbox 271 961 1404 1000; baseline 0.001 -1"><span class='ocrx_word' id='word_1_86' title='bbox 271 962 542 999; x_wconf 89' lang='lat' dir='ltr'><strong>Celeberrima</strong></span> <span class='ocrx_word' id='word_1_87' title='bbox 558 964 663 999; x_wconf 91' lang='lat' dir='ltr'><strong>inter</strong></span> <span class='ocrx_word' id='word_1_88' title='bbox 678 961 782 999; x_wconf 85' lang='lat' dir='ltr'><strong>hunc·</strong></span> <span class='ocrx_word' id='word_1_89' title='bbox 804 969 846 999; x_wconf 90' lang='lat' dir='ltr'><strong>et</strong></span> <span class='ocrx_word' id='word_1_90' title='bbox 866 965 1003 1000; x_wconf 87' lang='lat' dir='ltr'><strong>oceani</strong></span> <span class='ocrx_word' id='word_1_91' title='bbox 1025 976 1134 999; x_wconf 88' lang='lat' dir='ltr'><strong>oram</strong></span> <span class='ocrx_word' id='word_1_92' title='bbox 1154 965 1193 999; x_wconf 92' lang='lat' dir='ltr'><strong>in</strong></span> <span class='ocrx_word' id='word_1_93' title='bbox 1215 962 1404 1000; x_wconf 84' lang='lat' dir='ltr'><strong>mediter-</strong></span> 
     </span>
     <span class='ocr_line' id='line_1_17' title="bbox 218 1021 1404 1072; baseline 0.002 -14"><span class='ocrx_word' id='word_1_94' title='bbox 218 1035 339 1059; x_wconf 87' lang='lat' dir='ltr'><strong>raneo</strong></span> <span class='ocrx_word' id='word_1_95' title='bbox 375 1021 523 1072; x_wconf 82' lang='lat' dir='ltr'><strong>Segida</strong></span> <span class='ocrx_word' id='word_1_96' title='bbox 559 1035 662 1072; x_wconf 87' lang='lat' dir='ltr'><strong>quae</strong></span> <span class='ocrx_word' id='word_1_97' title='bbox 700 1023 909 1072; x_wconf 85' lang='lat' dir='ltr'><strong>Augurina</strong></span> <span class='ocrx_word' id='word_1_98' title='bbox 943 1024 1265 1072; x_wconf 83' lang='lat' dir='ltr'><strong>cognominatur,</strong></span> <span class='ocrx_word' id='word_1_99' title='bbox 1302 1021 1404 1060; x_wconf 84' lang='lat' dir='ltr'><strong>Iulia</strong></span> 
     </span>
     <span class='ocr_line' id='line_1_18' title="bbox 220 1079 1402 1132; baseline 0.001 -15"><span class='ocrx_word' id='word_1_100' title='bbox 220 1094 322 1131; x_wconf 89' lang='lat' dir='ltr'><strong>quae</strong></span> <span class='ocrx_word' id='word_1_101' title='bbox 371 1080 571 1126; x_wconf 87' lang='lat' dir='ltr'><strong>Fidentia,</strong></span> <span class='ocrx_word' id='word_1_102' title='bbox 618 1081 755 1131; x_wconf 88' lang='lat' dir='ltr'><strong>Urgao</strong></span> <span class='ocrx_word' id='word_1_103' title='bbox 802 1094 905 1131; x_wconf 85' lang='lat' dir='ltr'><strong>quae</strong></span> <span class='ocrx_word' id='word_1_104' title='bbox 952 1079 1070 1125; x_wconf 88' lang='lat' dir='ltr'><strong>Alba,</strong></span> <span class='ocrx_word' id='word_1_105' title='bbox 1116 1081 1252 1118; x_wconf 88' lang='lat' dir='ltr'><strong>Ebura</strong></span> <span class='ocrx_word' id='word_1_106' title='bbox 1298 1094 1402 1132; x_wconf 90' lang='lat' dir='ltr'><strong>quae</strong></span> 
     </span>
     <span class='ocr_line' id='line_1_19' title="bbox 223 1138 1404 1190; baseline 0.001 -14"><span class='ocrx_word' id='word_1_107' title='bbox 223 1138 400 1184; x_wconf 89' lang='lat' dir='ltr'><strong>Cerialis,</strong></span> <span class='ocrx_word' id='word_1_108' title='bbox 432 1139 586 1177; x_wconf 87' lang='lat' dir='ltr'><strong>Iliberri</strong></span> <span class='ocrx_word' id='word_1_109' title='bbox 616 1140 723 1190; x_wconf 92' lang='lat' dir='ltr'><strong>quod</strong></span> <span class='ocrx_word' id='word_1_110' title='bbox 755 1140 946 1186; x_wconf 89' lang='lat' dir='ltr'><strong>Liberini,</strong></span> <span class='ocrx_word' id='word_1_111' title='bbox 977 1139 1120 1190; x_wconf 88' lang='lat' dir='ltr'><strong>Ilipula</strong></span> <span class='ocrx_word' id='word_1_112' title='bbox 1149 1153 1252 1190; x_wconf 90' lang='lat' dir='ltr'><strong>quae</strong></span> <span class='ocrx_word' id='word_1_113' title='bbox 1284 1139 1404 1182; x_wconf 81' lang='lat' dir='ltr'><strong>Laus.</strong></span> 
     </span>
     <span class='ocr_line' id='line_1_20' title="bbox 219 1198 1404 1250; baseline 0.001 -15"><span class='ocrx_word' id='word_1_114' title='bbox 219 1200 350 1249; x_wconf 89' lang='lat' dir='ltr'><strong>Artigi</strong></span> <span class='ocrx_word' id='word_1_115' title='bbox 376 1199 482 1249; x_wconf 91' lang='lat' dir='ltr'><strong>quod</strong></span> <span class='ocrx_word' id='word_1_116' title='bbox 510 1199 717 1244; x_wconf 85' lang='lat' dir='ltr'><strong>Iulienses,</strong></span> <span class='ocrx_word' id='word_1_117' title='bbox 742 1199 858 1236; x_wconf 82' lang='lat' dir='ltr'><strong>Vesci</strong></span> <span class='ocrx_word' id='word_1_118' title='bbox 883 1199 991 1250; x_wconf 91' lang='lat' dir='ltr'><strong>quod</strong></span> <span class='ocrx_word' id='word_1_119' title='bbox 1018 1199 1224 1244; x_wconf 85' lang='lat' dir='ltr'><strong>Faventia,</strong></span> <span class='ocrx_word' id='word_1_120' title='bbox 1249 1198 1404 1250; x_wconf 87' lang='lat' dir='ltr'><strong>Singili,</strong></span> 
     </span>
     <span class='ocr_line' id='line_1_21' title="bbox 219 1257 1405 1309; baseline 0.001 -14"><span class='ocrx_word' id='word_1_121' title='bbox 219 1259 395 1308; x_wconf 86' lang='lat' dir='ltr'><strong>Ategua,</strong></span> <span class='ocrx_word' id='word_1_122' title='bbox 428 1258 707 1303; x_wconf 85' lang='lat' dir='ltr'><strong>Arialdunum,</strong></span> <span class='ocrx_word' id='word_1_123' title='bbox 740 1258 845 1309; x_wconf 84' lang='lat' dir='ltr'><strong>Agla</strong></span> <span class='ocrx_word' id='word_1_124' title='bbox 879 1258 1028 1303; x_wconf 87' lang='lat' dir='ltr'><strong>Minor,</strong></span> <span class='ocrx_word' id='word_1_125' title='bbox 1060 1257 1231 1304; x_wconf 91' lang='lat' dir='ltr'><strong>Baebro,</strong></span> <span class='ocrx_word' id='word_1_126' title='bbox 1263 1258 1405 1296; x_wconf 86' lang='lat' dir='ltr'><strong>Castra</strong></span> 
     </span>
     <span class='ocr_line' id='line_1_22' title="bbox 219 1317 1405 1368; baseline 0.002 -15"><span class='ocrx_word' id='word_1_127' title='bbox 219 1317 394 1362; x_wconf 84' lang='lat' dir='ltr'><strong>Vinaria,</strong></span> <span class='ocrx_word' id='word_1_128' title='bbox 435 1317 703 1362; x_wconf 90' lang='lat' dir='ltr'><strong>Cisimbrium,</strong></span> <span class='ocrx_word' id='word_1_129' title='bbox 745 1318 879 1368; x_wconf 88' lang='lat' dir='ltr'><strong>Hippo</strong></span> <span class='ocrx_word' id='word_1_130' title='bbox 920 1317 1045 1362; x_wconf 89' lang='lat' dir='ltr'><strong>Nova,</strong></span> <span class='ocrx_word' id='word_1_131' title='bbox 1087 1317 1244 1363; x_wconf 90' lang='lat' dir='ltr'><strong>Illurco,</strong></span> <span class='ocrx_word' id='word_1_132' title='bbox 1284 1317 1405 1363; x_wconf 87' lang='lat' dir='ltr'><strong>Osca,</strong></span> 
     </span>
     <span class='ocr_line' id='line_1_23' title="bbox 219 1375 1405 1422; baseline 0.001 -9"><span class='ocrx_word' id='word_1_133' title='bbox 219 1376 365 1421; x_wconf 89' lang='lat' dir='ltr'><strong>Oscua,</strong></span> <span class='ocrx_word' id='word_1_134' title='bbox 406 1375 586 1421; x_wconf 90' lang='lat' dir='ltr'><strong>Sucaelo,</strong></span> <span class='ocrx_word' id='word_1_135' title='bbox 630 1376 897 1422; x_wconf 87' lang='lat' dir='ltr'><strong>Unditanum,</strong></span> <span class='ocrx_word' id='word_1_136' title='bbox 925 1376 1046 1414; x_wconf 86' lang='lat' dir='ltr'><strong>Tucci</strong></span> <span class='ocrx_word' id='word_1_137' title='bbox 1088 1376 1405 1414; x_wconf 88' lang='lat' dir='ltr'><strong>Vetus—omnia</strong></span> 
     </span>
     <span class='ocr_line' id='line_1_24' title="bbox 219 1434 1404 1485; baseline 0.001 -13"><span class='ocrx_word' id='word_1_138' title='bbox 219 1434 477 1472; x_wconf 88' lang='lat' dir='ltr'><strong>Bastetaniae</strong></span> <span class='ocrx_word' id='word_1_139' title='bbox 527 1438 730 1485; x_wconf 85' lang='lat' dir='ltr'><strong>vergentis</strong></span> <span class='ocrx_word' id='word_1_140' title='bbox 779 1435 829 1472; x_wconf 89' lang='lat' dir='ltr'><strong>ad</strong></span> <span class='ocrx_word' id='word_1_141' title='bbox 865 1448 988 1473; x_wconf 90' lang='lat' dir='ltr'><strong>mare.</strong></span> <span class='ocrx_word' id='word_1_142' title='bbox 1048 1442 1269 1473; x_wconf 88' lang='lat' dir='ltr'><strong>conventus</strong></span> <span class='ocrx_word' id='word_1_143' title='bbox 1311 1448 1404 1473; x_wconf 92' lang='lat' dir='ltr'><strong>vero</strong></span> 
     </span>
     <span class='ocr_line' id='line_1_25' title="bbox 220 1493 1404 1546; baseline 0.002 -16"><span class='ocrx_word' id='word_1_144' title='bbox 220 1493 487 1531; x_wconf 84' lang='lat' dir='ltr'><strong>Cordubensis</strong></span> <span class='ocrx_word' id='word_1_145' title='bbox 511 1497 615 1531; x_wconf 80' lang='lat' dir='ltr'><strong>circa</strong></span> <span class='ocrx_word' id='word_1_146' title='bbox 640 1494 788 1531; x_wconf 80' lang='lat' dir='ltr'><strong>flumen</strong></span> <span class='ocrx_word' id='word_1_147' title='bbox 813 1497 942 1545; x_wconf 87' lang='lat' dir='ltr'><strong>ipsum</strong></span> <span class='ocrx_word' id='word_1_148' title='bbox 968 1494 1100 1545; x_wconf 82' lang='lat' dir='ltr'><strong>Ossigi</strong></span> <span class='ocrx_word' id='word_1_149' title='bbox 1126 1494 1234 1546; x_wconf 92' lang='lat' dir='ltr'><strong>quod</strong></span> <span class='ocrx_word' id='word_1_150' title='bbox 1257 1507 1404 1546; x_wconf 86' lang='lat' dir='ltr'><strong>cogno-</strong></span> 
     </span>
     <span class='ocr_line' id='line_1_26' title="bbox 219 1553 1404 1604; baseline 0.002 -15"><span class='ocrx_word' id='word_1_151' title='bbox 219 1556 394 1590; x_wconf 90' lang='lat' dir='ltr'><strong>minatur</strong></span> <span class='ocrx_word' id='word_1_152' title='bbox 438 1553 667 1598; x_wconf 87' lang='lat' dir='ltr'><strong>Latonium,</strong></span> <span class='ocrx_word' id='word_1_153' title='bbox 706 1553 861 1604; x_wconf 88' lang='lat' dir='ltr'><strong>Iliturgi</strong></span> <span class='ocrx_word' id='word_1_154' title='bbox 901 1553 1008 1604; x_wconf 89' lang='lat' dir='ltr'><strong>quod</strong></span> <span class='ocrx_word' id='word_1_155' title='bbox 1054 1553 1197 1591; x_wconf 83' lang='lat' dir='ltr'><strong>Forum</strong></span> <span class='ocrx_word' id='word_1_156' title='bbox 1245 1553 1404 1600; x_wconf 90' lang='lat' dir='ltr'><strong>Iulium,</strong></span> 
     </span>
     <span class='ocr_line' id='line_1_27' title="bbox 221 1612 1402 1664; baseline 0.002 -15"><span class='ocrx_word' id='word_1_157' title='bbox 221 1612 326 1662; x_wconf 90' lang='lat' dir='ltr'><strong>Ipra,</strong></span> <span class='ocrx_word' id='word_1_158' title='bbox 366 1612 512 1663; x_wconf 86' lang='lat' dir='ltr'><strong>Isturgi</strong></span> <span class='ocrx_word' id='word_1_159' title='bbox 551 1612 657 1662; x_wconf 85' lang='lat' dir='ltr'><strong>quod</strong></span> <span class='ocrx_word' id='word_1_160' title='bbox 689 1612 962 1663; x_wconf 85' lang='lat' dir='ltr'><strong>Triumphale,</strong></span> <span class='ocrx_word' id='word_1_161' title='bbox 993 1612 1126 1658; x_wconf 91' lang='lat' dir='ltr'><strong>Sucia,</strong></span> <span class='ocrx_word' id='word_1_162' title='bbox 1163 1619 1205 1650; x_wconf 89' lang='lat' dir='ltr'><strong>et</strong></span> <span class='ocrx_word' id='word_1_163' title='bbox 1246 1613 1327 1648; x_wconf 65' lang='grc' dir='ltr'><strong>ῐῦῑῑ</strong></span> <span class='ocrx_word' id='word_1_164' title='bbox 1365 1626 1402 1664; x_wconf 91' lang='lat' dir='ltr'><strong>p.</strong></span> 
     </span>
     <span class='ocr_line' id='line_1_28' title="bbox 219 1670 1404 1722; baseline 0.003 -15"><span class='ocrx_word' id='word_1_165' title='bbox 219 1677 418 1708; x_wconf 90' lang='lat' dir='ltr'><strong>remotum</strong></span> <span class='ocrx_word' id='word_1_166' title='bbox 443 1674 482 1707; x_wconf 94' lang='lat' dir='ltr'><strong>in</strong></span> <span class='ocrx_word' id='word_1_167' title='bbox 511 1672 807 1709; x_wconf 86' lang='lat' dir='ltr'><strong>mediterraneo</strong></span> <span class='ocrx_word' id='word_1_168' title='bbox 828 1671 984 1710; x_wconf 87' lang='lat' dir='ltr'><strong>Obulco</strong></span> <span class='ocrx_word' id='word_1_169' title='bbox 1005 1671 1113 1722; x_wconf 91' lang='lat' dir='ltr'><strong>quod</strong></span> <span class='ocrx_word' id='word_1_170' title='bbox 1138 1670 1404 1710; x_wconf 77' lang='lat' dir='ltr'><strong>Pontificense</strong></span> 
     </span>
     <span class='ocr_line' id='line_1_29' title="bbox 220 1730 1404 1781; baseline 0.001 -14"><span class='ocrx_word' id='word_1_171' title='bbox 220 1730 458 1781; x_wconf 73' lang='lat' dir='ltr'><strong>appellatur,</strong></span> <span class='ocrx_word' id='word_1_172' title='bbox 493 1744 585 1767; x_wconf 85' lang='lat' dir='ltr'><strong>mox</strong></span> <span class='ocrx_word' id='word_1_173' title='bbox 623 1731 736 1781; x_wconf 80' lang='lat' dir='ltr'><strong>Ripa,</strong></span> <span class='ocrx_word' id='word_1_174' title='bbox 773 1731 904 1780; x_wconf 82' lang='lat' dir='ltr'><strong>Epora</strong></span> <span class='ocrx_word' id='word_1_175' title='bbox 938 1730 1253 1775; x_wconf 87' lang='lat' dir='ltr'><strong>foederatorum,</strong></span> <span class='ocrx_word' id='word_1_176' title='bbox 1287 1730 1404 1768; x_wconf 84' lang='lat' dir='ltr'><strong>Sacili</strong></span> 
     </span>
     <span class='ocr_line' id='line_1_30' title="bbox 222 1788 1404 1833; baseline 0.002 -8"><span class='ocrx_word' id='word_1_177' title='bbox 222 1789 484 1833; x_wconf 89' lang='lat' dir='ltr'><strong>Martialium,</strong></span> <span class='ocrx_word' id='word_1_178' title='bbox 497 1789 644 1826; x_wconf 87' lang='lat' dir='ltr'><strong>Onuba</strong></span> <span class='ocrx_word' id='word_1_179' title='bbox 656 1795 697 1827; x_wconf 85' lang='lat' dir='ltr'><strong>et</strong></span> <span class='ocrx_word' id='word_1_180' title='bbox 709 1789 855 1827; x_wconf 86' lang='lat' dir='ltr'><strong>dextra</strong></span> <span class='ocrx_word' id='word_1_181' title='bbox 867 1789 1054 1827; x_wconf 90' lang='lat' dir='ltr'><strong>Corduba</strong></span> <span class='ocrx_word' id='word_1_182' title='bbox 1065 1789 1219 1827; x_wconf 90' lang='lat' dir='ltr'><strong>colonia</strong></span> <span class='ocrx_word' id='word_1_183' title='bbox 1233 1788 1404 1827; x_wconf 85' lang='lat' dir='ltr'><strong>Patricia</strong></span> 
     </span>
     <span class='ocr_line' id='line_1_31' title="bbox 216 1847 1404 1898; baseline 0.001 -14"><span class='ocrx_word' id='word_1_184' title='bbox 216 1850 468 1898; x_wconf 89' lang='lat' dir='ltr'><strong>cognomine,</strong></span> <span class='ocrx_word' id='word_1_185' title='bbox 500 1848 594 1885; x_wconf 93' lang='lat' dir='ltr'><strong>inde</strong></span> <span class='ocrx_word' id='word_1_186' title='bbox 626 1851 799 1898; x_wconf 90' lang='lat' dir='ltr'><strong>primum</strong></span> <span class='ocrx_word' id='word_1_187' title='bbox 833 1848 1047 1898; x_wconf 87' lang='lat' dir='ltr'><strong>navigabili</strong></span> <span class='ocrx_word' id='word_1_188' title='bbox 1080 1847 1224 1893; x_wconf 88' lang='lat' dir='ltr'><strong>Baete,</strong></span> <span class='ocrx_word' id='word_1_189' title='bbox 1256 1848 1404 1898; x_wconf 88' lang='lat' dir='ltr'><strong>oppida</strong></span> 
     </span>
     <span class='ocr_line' id='line_1_32' title="bbox 220 1906 1402 1958; baseline 0 -14"><span class='ocrx_word' id='word_1_190' title='bbox 220 1906 404 1950; x_wconf 89' lang='lat' dir='ltr'><strong>Carbula,</strong></span> <span class='ocrx_word' id='word_1_191' title='bbox 421 1907 616 1952; x_wconf 90' lang='lat' dir='ltr'><strong>Decuma,</strong></span> <span class='ocrx_word' id='word_1_192' title='bbox 629 1906 770 1944; x_wconf 89' lang='lat' dir='ltr'><strong>fluvius</strong></span> <span class='ocrx_word' id='word_1_193' title='bbox 785 1906 958 1958; x_wconf 81' lang='lat' dir='ltr'><strong>Singilis,</strong></span> <span class='ocrx_word' id='word_1_194' title='bbox 971 1906 1115 1944; x_wconf 91' lang='lat' dir='ltr'><strong>eodem</strong></span> <span class='ocrx_word' id='word_1_195' title='bbox 1127 1907 1263 1944; x_wconf 80' lang='lat' dir='ltr'><strong>Baetis</strong></span> <span class='ocrx_word' id='word_1_196' title='bbox 1277 1907 1402 1945; x_wconf 86' lang='lat' dir='ltr'><strong>latere</strong></span> 
     </span>
    </p>
   </div>
   <div class='ocr_carea' id='block_1_4' title="bbox 219 1966 409 2057">
    <p class='ocr_par' dir='ltr' id='par_1_6' title="bbox 219 1966 409 2057">
     <span class='ocr_line' id='line_1_33' title="bbox 219 1966 409 2003; baseline 0.005 -1"><span class='ocrx_word' id='word_1_197' title='bbox 219 1966 409 2003; x_wconf 90' lang='lat' dir='ltr'><strong>incidens.</strong></span> 
     </span>
     <span class='ocr_line' id='line_1_34' title="bbox 229 2034 271 2057; baseline 0 0"><span class='ocrx_word' id='word_1_198' title='bbox 229 2034 271 2057; x_wconf 83' lang='lat'><strong>10</strong></span> 
     </span>
    </p>
   </div>
  </div>
 </body>
</html>
