<?xml version="1.0" encoding="UTF-8"?>
<!DOCTYPE html PUBLIC "-//W3C//DTD XHTML 1.0 Transitional//EN"
    "http://www.w3.org/TR/xhtml1/DTD/xhtml1-transitional.dtd">
<html xmlns="http://www.w3.org/1999/xhtml" xml:lang="en" lang="en">
 <head>
  <title>
</title>
<meta http-equiv="Content-Type" content="text/html;charset=utf-8" />
  <meta name='ocr-system' content='tesseract 3.04.00' />
  <meta name='ocr-capabilities' content='ocr_page ocr_carea ocr_par ocr_line ocrx_word'/>
</head>
<body>
  <div class='ocr_page' id='page_1' title='image "./naturalhistory02plinuoft/naturalhistory02plinuoft_0478.png"; bbox 0 0 1515 2351; ppageno 0'>
   <div class='ocr_carea' id='block_1_1' title="bbox 377 116 1158 157">
    <p class='ocr_par' dir='ltr' id='par_1_1' title="bbox 377 116 1158 157">
     <span class='ocr_line' id='line_1_1' title="bbox 377 116 1158 157; baseline 0.004 -3"><span class='ocrx_word' id='word_1_1' title='bbox 377 116 542 155; x_wconf 87' lang='lat' dir='ltr'><strong>PLINY</strong></span> <span class='ocrx_word' id='word_1_2' title='bbox 558 131 567 155; x_wconf 78' lang='lat' dir='ltr'><em>z</em></span> <span class='ocrx_word' id='word_1_3' title='bbox 619 118 884 157; x_wconf 88' lang='lat' dir='ltr'><strong>NATURAL</strong></span> <span class='ocrx_word' id='word_1_4' title='bbox 919 119 1158 157; x_wconf 90' lang='lat' dir='ltr'>HISTORY</span> 
     </span>
    </p>
   </div>
   <div class='ocr_carea' id='block_1_2' title="bbox 171 221 1359 344">
    <p class='ocr_par' dir='ltr' id='par_1_2' title="bbox 171 221 1359 344">
     <span class='ocr_line' id='line_1_2' title="bbox 171 221 1359 274; baseline 0.001 -14"><span class='ocrx_word' id='word_1_5' title='bbox 171 222 364 273; x_wconf 80' lang='lat' dir='ltr'><strong>Sequens,</strong></span> <span class='ocrx_word' id='word_1_6' title='bbox 392 225 459 273; x_wconf 86' lang='lat' dir='ltr'><strong>qui</strong></span> <span class='ocrx_word' id='word_1_7' title='bbox 486 228 529 260; x_wconf 88' lang='lat' dir='ltr'><strong>et</strong></span> <span class='ocrx_word' id='word_1_8' title='bbox 554 221 701 260; x_wconf 79' lang='lat' dir='ltr'><strong>duxit1</strong></span> <span class='ocrx_word' id='word_1_9' title='bbox 729 222 876 260; x_wconf 91' lang='lat' dir='ltr'><strong>fossam</strong></span> <span class='ocrx_word' id='word_1_10' title='bbox 901 223 1117 261; x_wconf 85' lang='lat' dir='ltr'><strong>latitudine</strong></span> <span class='ocrx_word' id='word_1_11' title='bbox 1144 223 1294 274; x_wconf 87' lang='lat' dir='ltr'><strong>pedum</strong></span> <span class='ocrx_word' id='word_1_12' title='bbox 1321 236 1359 268; x_wconf 90' lang='lat' dir='ltr'><strong>c,</strong></span> 
     </span>
     <span class='ocr_line' id='line_1_3' title="bbox 172 292 1359 344; baseline 0.001 -14"><span class='ocrx_word' id='word_1_13' title='bbox 172 293 388 330; x_wconf 84' lang='lat' dir='ltr'><strong>altitudine</strong></span> <span class='ocrx_word' id='word_1_14' title='bbox 414 305 501 337; x_wconf 75' lang='lat' dir='ltr'><strong>xxx,</strong></span> <span class='ocrx_word' id='word_1_15' title='bbox 520 295 562 329; x_wconf 90' lang='lat' dir='ltr'><strong>in</strong></span> <span class='ocrx_word' id='word_1_16' title='bbox 586 292 880 343; x_wconf 85' lang='lat' dir='ltr'><strong>longitudinem</strong></span> <span class='ocrx_word' id='word_1_17' title='bbox 900 305 1018 330; x_wconf 78' lang='lat' dir='ltr'><strong>xxxrv</strong></span> <span class='ocrx_word' id='word_1_18' title='bbox 1040 306 1066 330; x_wconf 87' lang='lat' dir='ltr'>D</span> <span class='ocrx_word' id='word_1_19' title='bbox 1093 306 1132 344; x_wconf 92' lang='lat' dir='ltr'><strong>p.</strong></span> <span class='ocrx_word' id='word_1_20' title='bbox 1153 306 1282 344; x_wconf 90' lang='lat' dir='ltr'><strong>usque</strong></span> <span class='ocrx_word' id='word_1_21' title='bbox 1307 293 1359 330; x_wconf 91' lang='lat' dir='ltr'><strong>ad</strong></span> 
     </span>
    </p>
   </div>
   <div class='ocr_carea' id='block_1_3' title="bbox 905 294 1016 299">
    <p class='ocr_par' dir='ltr' id='par_1_3' title="bbox 905 294 1016 299">
     <span class='ocr_line' id='line_1_4' title="bbox 905 294 1016 299; baseline 0 0"><span class='ocrx_word' id='word_1_22' title='bbox 905 294 1016 299; x_wconf 95' lang='lat' dir='ltr'><strong> </strong></span> 
     </span>
    </p>
   </div>
   <div class='ocr_carea' id='block_1_4' title="bbox 95 362 1359 407">
    <p class='ocr_par' dir='ltr' id='par_1_4' title="bbox 95 362 1359 407">
     <span class='ocr_line' id='line_1_5' title="bbox 95 362 1359 407; baseline 0.003 -10"><span class='ocrx_word' id='word_1_23' title='bbox 95 367 155 398; x_wconf 88' lang='grc'><strong>166</strong></span> <span class='ocrx_word' id='word_1_24' title='bbox 175 363 322 400; x_wconf 83' lang='lat' dir='ltr'><strong>Fontes</strong></span> <span class='ocrx_word' id='word_1_25' title='bbox 343 363 524 400; x_wconf 82' lang='lat' dir='ltr'><strong>Amaros.</strong></span> <span class='ocrx_word' id='word_1_26' title='bbox 577 362 683 400; x_wconf 88' lang='lat' dir='ltr'><strong>ultra</strong></span> <span class='ocrx_word' id='word_1_27' title='bbox 703 363 901 401; x_wconf 89' lang='lat' dir='ltr'><strong>deterruit</strong></span> <span class='ocrx_word' id='word_1_28' title='bbox 919 363 1192 401; x_wconf 89' lang='lat' dir='ltr'><strong>inundationis</strong></span> <span class='ocrx_word' id='word_1_29' title='bbox 1212 369 1359 407; x_wconf 84' lang='lat' dir='ltr'><strong>metus,</strong></span> 
     </span>
    </p>
   </div>
   <div class='ocr_carea' id='block_1_5' title="bbox 99 929 157 960">
    <p class='ocr_par' dir='ltr' id='par_1_5' title="bbox 99 929 157 960">
     <span class='ocr_line' id='line_1_6' title="bbox 99 929 157 960; baseline -0.034 0"><span class='ocrx_word' id='word_1_30' title='bbox 99 929 157 960; x_wconf 85' lang='lat'><strong>167</strong></span> 
     </span>
    </p>
   </div>
   <div class='ocr_carea' id='block_1_6' title="bbox 172 432 1365 1466">
    <p class='ocr_par' dir='ltr' id='par_1_6' title="bbox 172 432 1365 1466">
     <span class='ocr_line' id='line_1_7' title="bbox 173 432 1358 484; baseline 0 -14"><span class='ocrx_word' id='word_1_31' title='bbox 173 433 391 470; x_wconf 82' lang='lat' dir='ltr'><strong>excelsiore</strong></span> <span class='ocrx_word' id='word_1_32' title='bbox 412 433 539 470; x_wconf 85' lang='lat' dir='ltr'><strong>tribus</strong></span> <span class='ocrx_word' id='word_1_33' title='bbox 562 433 706 470; x_wconf 90' lang='lat' dir='ltr'><strong>cubitis</strong></span> <span class='ocrx_word' id='word_1_34' title='bbox 731 433 866 470; x_wconf 89' lang='lat' dir='ltr'><strong>Rubro</strong></span> <span class='ocrx_word' id='word_1_35' title='bbox 891 432 997 470; x_wconf 91' lang='lat' dir='ltr'><strong>Mari</strong></span> <span class='ocrx_word' id='word_1_36' title='bbox 1019 439 1212 483; x_wconf 88' lang='lat' dir='ltr'><strong>conperto</strong></span> <span class='ocrx_word' id='word_1_37' title='bbox 1235 446 1358 484; x_wconf 87' lang='lat' dir='ltr'><strong>quam</strong></span> 
     </span>
     <span class='ocr_line' id='line_1_8' title="bbox 172 502 1362 554; baseline 0 -14"><span class='ocrx_word' id='word_1_38' title='bbox 172 509 281 541; x_wconf 88' lang='lat' dir='ltr'><strong>terra</strong></span> <span class='ocrx_word' id='word_1_39' title='bbox 315 504 507 554; x_wconf 75' lang='lat' dir='ltr'><strong>Aegypti.</strong></span> <span class='ocrx_word' id='word_1_40' title='bbox 561 503 683 554; x_wconf 88' lang='lat' dir='ltr'><strong>aliqui</strong></span> <span class='ocrx_word' id='word_1_41' title='bbox 719 516 799 540; x_wconf 93' lang='lat' dir='ltr'><strong>non</strong></span> <span class='ocrx_word' id='word_1_42' title='bbox 834 516 925 541; x_wconf 91' lang='lat' dir='ltr'><strong>eam</strong></span> <span class='ocrx_word' id='word_1_43' title='bbox 960 502 1149 540; x_wconf 85' lang='lat' dir='ltr'><strong>adferunt</strong></span> <span class='ocrx_word' id='word_1_44' title='bbox 1183 516 1362 547; x_wconf 89' lang='lat' dir='ltr'><strong>causam,</strong></span> 
     </span>
     <span class='ocr_line' id='line_1_9' title="bbox 173 561 1363 624; baseline -0.001 -13"><span class='ocrx_word' id='word_1_45' title='bbox 173 573 245 611; x_wconf 90' lang='lat' dir='ltr'><strong>sed</strong></span> <span class='ocrx_word' id='word_1_46' title='bbox 269 587 321 611; x_wconf 93' lang='lat' dir='ltr'><strong>ne</strong></span> <span class='ocrx_word' id='word_1_47' title='bbox 344 561 505 611; x_wconf 74' lang='lat' dir='ltr'><strong>inmisso</strong></span> <span class='ocrx_word' id='word_1_48' title='bbox 531 576 631 611; x_wconf 89' lang='lat' dir='ltr'><strong>mari</strong></span> <span class='ocrx_word' id='word_1_49' title='bbox 656 579 979 624; x_wconf 86' lang='lat' dir='ltr'><strong>corrumperetur</strong></span> <span class='ocrx_word' id='word_1_50' title='bbox 1003 586 1109 624; x_wconf 88' lang='lat' dir='ltr'><strong>aqua</strong></span> <span class='ocrx_word' id='word_1_51' title='bbox 1135 573 1229 618; x_wconf 89' lang='lat' dir='ltr'><strong>Nili,</strong></span> <span class='ocrx_word' id='word_1_52' title='bbox 1255 586 1363 624; x_wconf 91' lang='lat' dir='ltr'><strong>quae</strong></span> 
     </span>
     <span class='ocr_line' id='line_1_10' title="bbox 173 643 1363 694; baseline 0 -13"><span class='ocrx_word' id='word_1_53' title='bbox 173 644 259 682; x_wconf 84' lang='lat' dir='ltr'><strong>sola</strong></span> <span class='ocrx_word' id='word_1_54' title='bbox 281 650 400 694; x_wconf 84' lang='lat' dir='ltr'><strong>potus</strong></span> <span class='ocrx_word' id='word_1_55' title='bbox 424 644 607 694; x_wconf 91' lang='lat' dir='ltr'><strong>praebet.</strong></span> <span class='ocrx_word' id='word_1_56' title='bbox 662 643 918 681; x_wconf 88' lang='lat' dir='ltr'><strong>nihilominus</strong></span> <span class='ocrx_word' id='word_1_57' title='bbox 942 646 1020 681; x_wconf 87' lang='lat' dir='ltr'><strong>iter</strong></span> <span class='ocrx_word' id='word_1_58' title='bbox 1042 649 1176 681; x_wconf 90' lang='lat' dir='ltr'><strong>totum</strong></span> <span class='ocrx_word' id='word_1_59' title='bbox 1200 650 1363 681; x_wconf 87' lang='lat' dir='ltr'><strong>terreno</strong></span> 
     </span>
     <span class='ocr_line' id='line_1_11' title="bbox 175 713 1363 765; baseline 0 -14"><span class='ocrx_word' id='word_1_60' title='bbox 175 714 469 765; x_wconf 88' lang='lat' dir='ltr'><strong>frequentatur,</strong></span> <span class='ocrx_word' id='word_1_61' title='bbox 506 728 529 751; x_wconf 90' lang='lat' dir='ltr'><strong>a</strong></span> <span class='ocrx_word' id='word_1_62' title='bbox 565 717 665 751; x_wconf 91' lang='lat' dir='ltr'><strong>mari</strong></span> <span class='ocrx_word' id='word_1_63' title='bbox 699 714 919 765; x_wconf 56' lang='lat' dir='ltr'><strong>Aegyptio,</strong></span> <span class='ocrx_word' id='word_1_64' title='bbox 950 713 1056 764; x_wconf 89' lang='lat' dir='ltr'><strong>quod</strong></span> <span class='ocrx_word' id='word_1_65' title='bbox 1094 719 1155 751; x_wconf 56' lang='lat' dir='ltr'><strong>est</strong></span> <span class='ocrx_word' id='word_1_66' title='bbox 1192 713 1363 764; x_wconf 83' lang='lat' dir='ltr'><strong>triplex:</strong></span> 
     </span>
     <span class='ocr_line' id='line_1_12' title="bbox 175 781 1361 834; baseline -0.003 -12"><span class='ocrx_word' id='word_1_67' title='bbox 175 798 298 822; x_wconf 90' lang='lat' dir='ltr'><strong>unum</strong></span> <span class='ocrx_word' id='word_1_68' title='bbox 335 797 358 821; x_wconf 92' lang='lat' dir='ltr'><strong>a</strong></span> <span class='ocrx_word' id='word_1_69' title='bbox 395 784 552 822; x_wconf 80' lang='lat' dir='ltr'><strong>Pelusio</strong></span> <span class='ocrx_word' id='word_1_70' title='bbox 588 797 660 834; x_wconf 91' lang='lat' dir='ltr'><strong>per</strong></span> <span class='ocrx_word' id='word_1_71' title='bbox 695 783 880 828; x_wconf 89' lang='lat' dir='ltr'><strong>harenas,</strong></span> <span class='ocrx_word' id='word_1_72' title='bbox 916 786 956 821; x_wconf 92' lang='lat' dir='ltr'><strong>in</strong></span> <span class='ocrx_word' id='word_1_73' title='bbox 993 797 1071 834; x_wconf 93' lang='lat' dir='ltr'><strong>quo</strong></span> <span class='ocrx_word' id='word_1_74' title='bbox 1108 786 1180 820; x_wconf 87' lang='lat' dir='ltr'><strong>nisi</strong></span> <span class='ocrx_word' id='word_1_75' title='bbox 1217 781 1361 820; x_wconf 85' lang='lat' dir='ltr'><strong>calami</strong></span> 
     </span>
     <span class='ocr_line' id='line_1_13' title="bbox 175 853 1363 905; baseline -0.002 -13"><span class='ocrx_word' id='word_1_76' title='bbox 175 855 296 892; x_wconf 79' lang='lat' dir='ltr'><strong>defixi</strong></span> <span class='ocrx_word' id='word_1_77' title='bbox 318 860 462 905; x_wconf 85' lang='lat' dir='ltr'><strong>regant</strong></span> <span class='ocrx_word' id='word_1_78' title='bbox 483 857 547 892; x_wconf 90' lang='lat' dir='ltr'><strong>via</strong></span> <span class='ocrx_word' id='word_1_79' title='bbox 568 867 649 892; x_wconf 92' lang='lat' dir='ltr'><strong>non</strong></span> <span class='ocrx_word' id='word_1_80' title='bbox 670 857 868 904; x_wconf 87' lang='lat' dir='ltr'><strong>reperitur</strong></span> <span class='ocrx_word' id='word_1_81' title='bbox 888 853 1056 891; x_wconf 90' lang='lat' dir='ltr'><strong>subinde</strong></span> <span class='ocrx_word' id='word_1_82' title='bbox 1077 867 1174 891; x_wconf 90' lang='lat' dir='ltr'><strong>aura</strong></span> <span class='ocrx_word' id='word_1_83' title='bbox 1194 857 1363 905; x_wconf 58' lang='lat' dir='ltr'><strong>vestigia</strong></span> 
     </span>
     <span class='ocr_line' id='line_1_14' title="bbox 178 923 1363 975; baseline -0.001 -13"><span class='ocrx_word' id='word_1_84' title='bbox 178 927 408 975; x_wconf 80' lang='lat' dir='ltr'><strong>operiente3</strong></span> <span class='ocrx_word' id='word_1_85' title='bbox 448 924 621 962; x_wconf 87' lang='lat' dir='ltr'><strong>alterum</strong></span> <span class='ocrx_word' id='word_1_86' title='bbox 650 923 679 961; x_wconf 75' lang='lat' dir='ltr'>fi</span> <span class='ocrx_word' id='word_1_87' title='bbox 710 924 814 961; x_wconf 93' lang='lat' dir='ltr'><strong>ultra</strong></span> <span class='ocrx_word' id='word_1_88' title='bbox 841 923 1002 961; x_wconf 87' lang='lat' dir='ltr'><strong>Casium</strong></span> <span class='ocrx_word' id='word_1_89' title='bbox 1031 923 1231 969; x_wconf 88' lang='lat' dir='ltr'><strong>Montem,</strong></span> <span class='ocrx_word' id='word_1_90' title='bbox 1258 924 1363 975; x_wconf 92' lang='lat' dir='ltr'><strong>quod</strong></span> 
     </span>
     <span class='ocr_line' id='line_1_15' title="bbox 176 993 1364 1045; baseline 0 -14"><span class='ocrx_word' id='word_1_91' title='bbox 176 1008 198 1031; x_wconf 90' lang='lat' dir='ltr'><strong>a</strong></span> <span class='ocrx_word' id='word_1_92' title='bbox 222 995 270 1032; x_wconf 64' lang='lat' dir='ltr'><strong>ffi-</strong></span> <span class='ocrx_word' id='word_1_93' title='bbox 296 1008 334 1045; x_wconf 93' lang='lat' dir='ltr'><strong>p.</strong></span> <span class='ocrx_word' id='word_1_94' title='bbox 360 994 464 1032; x_wconf 88' lang='lat' dir='ltr'><strong>redit</strong></span> <span class='ocrx_word' id='word_1_95' title='bbox 494 997 535 1031; x_wconf 94' lang='lat' dir='ltr'><strong>in</strong></span> <span class='ocrx_word' id='word_1_96' title='bbox 560 993 810 1031; x_wconf 83' lang='lat' dir='ltr'><strong>Pelusiacam</strong></span> <span class='ocrx_word' id='word_1_97' title='bbox 839 993 1184 1031; x_wconf 77' lang='lat' dir='ltr'><strong>viam—accolunt</strong></span> <span class='ocrx_word' id='word_1_98' title='bbox 1209 994 1364 1032; x_wconf 85' lang='lat' dir='ltr'><strong>Arabes</strong></span> 
     </span>
     <span class='ocr_line' id='line_1_16' title="bbox 176 1064 1364 1115; baseline -0.001 -13"><span class='ocrx_word' id='word_1_99' title='bbox 176 1065 348 1108; x_wconf 89' lang='lat' dir='ltr'><strong>Autaei;</strong></span> <span class='ocrx_word' id='word_1_100' title='bbox 390 1067 557 1101; x_wconf 89' lang='lat' dir='ltr'><strong>tertium</strong></span> <span class='ocrx_word' id='word_1_101' title='bbox 587 1077 611 1100; x_wconf 87' lang='lat' dir='ltr'><strong>a</strong></span> <span class='ocrx_word' id='word_1_102' title='bbox 641 1064 780 1109; x_wconf 92' lang='lat' dir='ltr'><strong>Gerro,</strong></span> <span class='ocrx_word' id='word_1_103' title='bbox 810 1064 918 1115; x_wconf 93' lang='lat' dir='ltr'><strong>quod</strong></span> <span class='ocrx_word' id='word_1_104' title='bbox 946 1064 1175 1115; x_wconf 88' lang='lat' dir='ltr'><strong>Agipsum²</strong></span> <span class='ocrx_word' id='word_1_105' title='bbox 1205 1070 1364 1108; x_wconf 88' lang='lat' dir='ltr'><strong>vocant,</strong></span> 
     </span>
     <span class='ocr_line' id='line_1_17' title="bbox 175 1130 1365 1184; baseline 0.001 -13"><span class='ocrx_word' id='word_1_106' title='bbox 175 1146 248 1183; x_wconf 90' lang='lat' dir='ltr'><strong>per</strong></span> <span class='ocrx_word' id='word_1_107' title='bbox 268 1133 431 1172; x_wconf 91' lang='lat' dir='ltr'><strong>eosdem</strong></span> <span class='ocrx_word' id='word_1_108' title='bbox 450 1134 606 1171; x_wconf 86' lang='lat' dir='ltr'><strong>Arabas</strong></span> <span class='ocrx_word' id='word_1_109' title='bbox 619 1132 636 1157; x_wconf 79' lang='lat'><strong>⁸</strong></span> <span class='ocrx_word' id='word_1_110' title='bbox 661 1130 706 1170; x_wconf 62' lang='grc' dir='ltr'><strong>Εἰ</strong></span> <span class='ocrx_word' id='word_1_111' title='bbox 729 1137 903 1184; x_wconf 89' lang='lat' dir='ltr'><strong>propius,</strong></span> <span class='ocrx_word' id='word_1_112' title='bbox 923 1134 994 1172; x_wconf 91' lang='lat' dir='ltr'><strong>sed</strong></span> <span class='ocrx_word' id='word_1_113' title='bbox 1014 1146 1199 1184; x_wconf 88' lang='lat' dir='ltr'><strong>asperum</strong></span> <span class='ocrx_word' id='word_1_114' title='bbox 1219 1137 1365 1172; x_wconf 88' lang='lat' dir='ltr'><strong>monti-</strong></span> 
     </span>
     <span class='ocr_line' id='line_1_18' title="bbox 177 1204 1364 1254; baseline 0 -12"><span class='ocrx_word' id='word_1_115' title='bbox 177 1205 249 1242; x_wconf 90' lang='lat' dir='ltr'><strong>bus</strong></span> <span class='ocrx_word' id='word_1_116' title='bbox 283 1211 324 1241; x_wconf 87' lang='lat' dir='ltr'><strong>et</strong></span> <span class='ocrx_word' id='word_1_117' title='bbox 356 1205 472 1253; x_wconf 89' lang='lat' dir='ltr'><strong>inops</strong></span> <span class='ocrx_word' id='word_1_118' title='bbox 505 1217 712 1254; x_wconf 90' lang='lat' dir='ltr'><strong>aquarum.</strong></span> <span class='ocrx_word' id='word_1_119' title='bbox 768 1218 842 1242; x_wconf 90' lang='lat' dir='ltr'><strong>eae</strong></span> <span class='ocrx_word' id='word_1_120' title='bbox 873 1217 1011 1242; x_wconf 88' lang='lat' dir='ltr'><strong>omnes</strong></span> <span class='ocrx_word' id='word_1_121' title='bbox 1044 1207 1134 1242; x_wconf 89' lang='lat' dir='ltr'><strong>viae</strong></span> <span class='ocrx_word' id='word_1_122' title='bbox 1165 1204 1364 1242; x_wconf 89' lang='lat' dir='ltr'><strong>Arsinoen</strong></span> 
     </span>
     <span class='ocr_line' id='line_1_19' title="bbox 177 1274 1364 1313; baseline 0 -1"><span class='ocrx_word' id='word_1_123' title='bbox 177 1275 329 1313; x_wconf 85' lang='lat' dir='ltr'><strong>ducunt</strong></span> <span class='ocrx_word' id='word_1_124' title='bbox 352 1275 556 1311; x_wconf 81' lang='lat' dir='ltr'><strong>conditam</strong></span> <span class='ocrx_word' id='word_1_125' title='bbox 580 1277 721 1312; x_wconf 90' lang='lat' dir='ltr'><strong>sororis</strong></span> <span class='ocrx_word' id='word_1_126' title='bbox 747 1278 908 1312; x_wconf 89' lang='lat' dir='ltr'><strong>nomine</strong></span> <span class='ocrx_word' id='word_1_127' title='bbox 932 1277 972 1312; x_wconf 93' lang='lat' dir='ltr'><strong>in</strong></span> <span class='ocrx_word' id='word_1_128' title='bbox 997 1277 1086 1312; x_wconf 91' lang='lat' dir='ltr'><strong>sinu</strong></span> <span class='ocrx_word' id='word_1_129' title='bbox 1111 1274 1317 1312; x_wconf 87' lang='lat' dir='ltr'><strong>Carandra</strong></span> <span class='ocrx_word' id='word_1_130' title='bbox 1341 1288 1364 1312; x_wconf 90' lang='lat' dir='ltr'><strong>a</strong></span> 
     </span>
     <span class='ocr_line' id='line_1_20' title="bbox 178 1344 1364 1396; baseline 0.001 -14"><span class='ocrx_word' id='word_1_131' title='bbox 178 1345 411 1393; x_wconf 82' lang='lat' dir='ltr'><strong>Ptolomaeo</strong></span> <span class='ocrx_word' id='word_1_132' title='bbox 452 1344 730 1395; x_wconf 88' lang='lat' dir='ltr'><strong>Philadelpho,</strong></span> <span class='ocrx_word' id='word_1_133' title='bbox 771 1348 838 1396; x_wconf 92' lang='lat' dir='ltr'><strong>qui</strong></span> <span class='ocrx_word' id='word_1_134' title='bbox 879 1348 1029 1395; x_wconf 81' lang='lat' dir='ltr'><strong>primus</strong></span> <span class='ocrx_word' id='word_1_135' title='bbox 1069 1345 1364 1396; x_wconf 79' lang='lat' dir='ltr'><strong>Trogodyticen</strong></span> 
     </span>
     <span class='ocr_line' id='line_1_21' title="bbox 178 1414 1365 1466; baseline 0 -13"><span class='ocrx_word' id='word_1_136' title='bbox 178 1418 366 1460; x_wconf 87' lang='lat' dir='ltr'><strong>excussit,</strong></span> <span class='ocrx_word' id='word_1_137' title='bbox 387 1428 547 1453; x_wconf 91' lang='lat' dir='ltr'><strong>amnem</strong></span> <span class='ocrx_word' id='word_1_138' title='bbox 569 1418 635 1466; x_wconf 91' lang='lat' dir='ltr'><strong>qui</strong></span> <span class='ocrx_word' id='word_1_139' title='bbox 658 1416 856 1453; x_wconf 85' lang='lat' dir='ltr'><strong>Arsinoen</strong></span> <span class='ocrx_word' id='word_1_140' title='bbox 877 1415 1064 1466; x_wconf 89' lang='lat' dir='ltr'><strong>praefluit</strong></span> <span class='ocrx_word' id='word_1_141' title='bbox 1086 1414 1365 1453; x_wconf 85' lang='lat' dir='ltr'><strong>Ptolomaeum</strong></span> 
     </span>
    </p>
   </div>
   <div class='ocr_carea' id='block_1_7' title="bbox 103 1485 1366 1537">
    <p class='ocr_par' dir='ltr' id='par_1_7' title="bbox 103 1485 1366 1537">
     <span class='ocr_line' id='line_1_22' title="bbox 103 1485 1366 1537; baseline 0.001 -15"><span class='ocrx_word' id='word_1_142' title='bbox 103 1490 160 1522; x_wconf 80' lang='lat'><strong>168</strong></span> <span class='ocrx_word' id='word_1_143' title='bbox 181 1486 411 1537; x_wconf 79' lang='lat' dir='ltr'><strong>appellavit.</strong></span> <span class='ocrx_word' id='word_1_144' title='bbox 465 1499 558 1523; x_wconf 82' lang='lat' dir='ltr'><strong>mox</strong></span> <span class='ocrx_word' id='word_1_145' title='bbox 585 1485 776 1536; x_wconf 89' lang='lat' dir='ltr'><strong>oppidum</strong></span> <span class='ocrx_word' id='word_1_146' title='bbox 802 1499 971 1536; x_wconf 81' lang='lat' dir='ltr'><strong>parvum</strong></span> <span class='ocrx_word' id='word_1_147' title='bbox 998 1491 1060 1523; x_wconf 57' lang='lat' dir='ltr'><strong>eet</strong></span> <span class='ocrx_word' id='word_1_148' title='bbox 1086 1485 1366 1523; x_wconf 89' lang='lat' dir='ltr'><strong>Aenum—alii</strong></span> 
     </span>
    </p>
   </div>
   <div class='ocr_carea' id='block_1_8' title="bbox 179 1556 1366 1748">
    <p class='ocr_par' dir='ltr' id='par_1_8' title="bbox 179 1556 1366 1748">
     <span class='ocr_line' id='line_1_23' title="bbox 179 1556 1365 1607; baseline -0.002 -13"><span class='ocrx_word' id='word_1_149' title='bbox 179 1570 250 1607; x_wconf 91' lang='lat' dir='ltr'><strong>pro</strong></span> <span class='ocrx_word' id='word_1_150' title='bbox 278 1556 352 1594; x_wconf 93' lang='lat' dir='ltr'><strong>hoc</strong></span> <span class='ocrx_word' id='word_1_151' title='bbox 381 1556 618 1594; x_wconf 86' lang='lat' dir='ltr'><strong>Philoterias</strong></span> <span class='ocrx_word' id='word_1_152' title='bbox 646 1557 889 1601; x_wconf 91' lang='lat' dir='ltr'><strong>scribunt—,</strong></span> <span class='ocrx_word' id='word_1_153' title='bbox 915 1556 1063 1594; x_wconf 90' lang='lat' dir='ltr'><strong>deinde</strong></span> <span class='ocrx_word' id='word_1_154' title='bbox 1091 1562 1185 1593; x_wconf 86' lang='lat' dir='ltr'><strong>sunt</strong></span> <span class='ocrx_word' id='word_1_155' title='bbox 1214 1557 1365 1598; x_wconf 77' lang='lat' dir='ltr'><strong>Asai-ri,</strong></span> 
     </span>
     <span class='ocr_line' id='line_1_24' title="bbox 179 1625 1364 1678; baseline -0.001 -14"><span class='ocrx_word' id='word_1_156' title='bbox 179 1640 228 1664; x_wconf 85' lang='lat' dir='ltr'><strong>ex</strong></span> <span class='ocrx_word' id='word_1_157' title='bbox 276 1627 596 1678; x_wconf 84' lang='lat' dir='ltr'><strong>Trogodytarum</strong></span> <span class='ocrx_word' id='word_1_158' title='bbox 643 1627 822 1664; x_wconf 90' lang='lat' dir='ltr'><strong>conubiis</strong></span> <span class='ocrx_word' id='word_1_159' title='bbox 870 1627 1025 1664; x_wconf 54' lang='lat' dir='ltr'><strong>Arabes</strong></span> <span class='ocrx_word' id='word_1_160' title='bbox 1074 1625 1161 1670; x_wconf 91' lang='lat' dir='ltr'><strong>feri,</strong></span> <span class='ocrx_word' id='word_1_161' title='bbox 1209 1625 1364 1664; x_wconf 86' lang='lat' dir='ltr'><strong>insulae</strong></span> 
     </span>
     <span class='ocr_line' id='line_1_25' title="bbox 179 1695 1366 1748; baseline -0.002 -14"><span class='ocrx_word' id='word_1_162' title='bbox 179 1697 373 1748; x_wconf 86' lang='lat' dir='ltr'><strong>Sapirine‚</strong></span> <span class='ocrx_word' id='word_1_163' title='bbox 413 1697 590 1748; x_wconf 86' lang='lat' dir='ltr'><strong>Scytala,</strong></span> <span class='ocrx_word' id='word_1_164' title='bbox 631 1711 724 1735; x_wconf 85' lang='lat' dir='ltr'><strong>mox</strong></span> <span class='ocrx_word' id='word_1_165' title='bbox 765 1697 926 1735; x_wconf 60' lang='lat' dir='ltr'><strong>deserta</strong></span> <span class='ocrx_word' id='word_1_166' title='bbox 970 1696 1021 1734; x_wconf 88' lang='lat' dir='ltr'><strong>ad</strong></span> <span class='ocrx_word' id='word_1_167' title='bbox 1064 1695 1366 1748; x_wconf 86' lang='lat' dir='ltr'><strong>Myoshormon,</strong></span> 
     </span>
    </p>
   </div>
   <div class='ocr_carea' id='block_1_9' title="bbox 366 1781 1176 1858">
    <p class='ocr_par' dir='ltr' id='par_1_9' title="bbox 366 1781 1176 1858">
     <span class='ocr_line' id='line_1_26' title="bbox 366 1781 1176 1824; baseline -0.001 -10"><span class='ocrx_word' id='word_1_168' title='bbox 366 1784 378 1803; x_wconf 86' lang='lat'><em>²</em></span> <span class='ocrx_word' id='word_1_169' title='bbox 407 1781 462 1815; x_wconf 76' lang='lat' dir='ltr'><strong>VJ.</strong></span> <span class='ocrx_word' id='word_1_170' title='bbox 479 1784 536 1824; x_wconf 89' lang='lat' dir='ltr'><strong>qui</strong></span> <span class='ocrx_word' id='word_1_171' title='bbox 553 1783 685 1814; x_wconf 79' lang='lat' dir='ltr'><strong>eduxit.</strong></span> <span class='ocrx_word' id='word_1_172' title='bbox 885 1783 898 1802; x_wconf 86' lang='lat'>²</span> <span class='ocrx_word' id='word_1_173' title='bbox 925 1781 979 1814; x_wconf 77' lang='lat' dir='ltr'><strong>VJ.</strong></span> <span class='ocrx_word' id='word_1_174' title='bbox 995 1782 1176 1823; x_wconf 81' lang='lat' dir='ltr'><strong>Adipsum.</strong></span> 
     </span>
     <span class='ocr_line' id='line_1_27' title="bbox 599 1826 959 1858; baseline 0 -1"><span class='ocrx_word' id='word_1_175' title='bbox 599 1827 612 1846; x_wconf 88' lang='lat'><strong>³</strong></span> <span class='ocrx_word' id='word_1_176' title='bbox 635 1827 788 1858; x_wconf 82' lang='lat' dir='ltr'><strong>Brotier:</strong></span> <span class='ocrx_word' id='word_1_177' title='bbox 818 1826 959 1857; x_wconf 75' lang='lat' dir='ltr'><strong>Arabes.</strong></span> 
     </span>
    </p>
   </div>
   <div class='ocr_carea' id='block_1_10' title="bbox 343 1931 1177 2012">
    <p class='ocr_par' dir='ltr' id='par_1_10' title="bbox 343 1931 1177 2012">
     <span class='ocr_line' id='line_1_28' title="bbox 343 1931 1177 1977; baseline 0 -10"><span class='ocrx_word' id='word_1_178' title='bbox 343 1941 359 1956; x_wconf 78' lang='lat'>⁸</span> <span class='ocrx_word' id='word_1_179' title='bbox 381 1936 410 1967; x_wconf 86' lang='lat' dir='ltr'><strong>A</strong></span> <span class='ocrx_word' id='word_1_180' title='bbox 429 1935 566 1968; x_wconf 76' lang='lat' dir='ltr'><strong>variant</strong></span> <span class='ocrx_word' id='word_1_181' title='bbox 582 1936 678 1977; x_wconf 75' lang='lat' dir='ltr'><strong>gives</strong></span> <span class='ocrx_word' id='word_1_182' title='bbox 696 1934 704 1947; x_wconf 83' lang='lat'><strong>⁴</strong></span> <span class='ocrx_word' id='word_1_183' title='bbox 720 1935 779 1966; x_wconf 80' lang='lat' dir='ltr'><strong>the</strong></span> <span class='ocrx_word' id='word_1_184' title='bbox 797 1934 868 1966; x_wconf 79' lang='lat' dir='ltr'><strong>Not</strong></span> <span class='ocrx_word' id='word_1_185' title='bbox 885 1934 1024 1977; x_wconf 77' lang='lat' dir='ltr'><strong>Thimty</strong></span> <span class='ocrx_word' id='word_1_186' title='bbox 1043 1937 1142 1966; x_wconf 63' lang='lat' dir='ltr'><strong>route</strong></span> <span class='ocrx_word' id='word_1_187' title='bbox 1155 1931 1177 1967; x_wconf 81' lang='lat'><strong>‘.</strong></span> 
     </span>
     <span class='ocr_line' id='line_1_29' title="bbox 349 1979 811 2012; baseline -0.002 0"><span class='ocrx_word' id='word_1_188' title='bbox 349 1980 361 1999; x_wconf 57' lang='grc' dir='ltr'>δ</span> <span class='ocrx_word' id='word_1_189' title='bbox 384 1979 601 2012; x_wconf 71' lang='lat' dir='ltr'><strong>Ardscherfid</strong></span> <span class='ocrx_word' id='word_1_190' title='bbox 617 1989 698 2011; x_wconf 83' lang='lat' dir='ltr'><strong>near</strong></span> <span class='ocrx_word' id='word_1_191' title='bbox 715 1979 811 2012; x_wconf 80' lang='lat' dir='ltr'><strong>Suoz.</strong></span> 
     </span>
    </p>
   </div>
   <div class='ocr_carea' id='block_1_11' title="bbox 173 2044 244 2090">
    <p class='ocr_par' dir='ltr' id='par_1_11' title="bbox 173 2044 244 2090">
     <span class='ocr_line' id='line_1_30' title="bbox 173 2044 244 2090; baseline 0 -10"><span class='ocrx_word' id='word_1_192' title='bbox 173 2044 244 2090; x_wconf 84' lang='lat'><strong>462</strong></span> 
     </span>
    </p>
   </div>
  </div>
 </body>
</html>
