1515 2351
128 349 192 380 208

129 926 192 957 209

129 1632 192 1663 210

410 177 578 216 PLINY
593 192 601 215 :
653 177 919 216 NATURAL
955 176 1194 215 HISTORY

212 280 477 325 Corinthium,
504 281 799 331 quadriremem
827 280 1065 318 Aristoteles
1092 279 1395 330 Carthaginien-

215 348 281 389 sis,
336 347 664 395 quinqueremem
724 346 970 393 Mnesigiton
1023 343 1270 388 Salaminios,
1323 356 1394 380 sex

213 409 397 445 ordinum
411 409 643 459 Xenagoras
657 409 899 459 Syracusios,
912 409 962 445 ab
976 421 1023 445 ea
1037 408 1089 445 ad
1100 407 1393 444 decemremem

217 472 465 522 Mnesigiton
510 472 785 510 Alexandrum
833 473 1044 522 Magnum,
1089 471 1140 508 ad
1185 471 1394 508 duodecim

213 536 372 574 ordines
415 536 746 586 Philostephanus
791 536 1066 573 Ptolomaeum
1107 535 1304 580 Soterem,
1345 535 1395 573 ad

214 601 441 650 quindecim
473 602 725 638 Demetrium
756 602 963 651 Antigoni,
991 600 1043 637 ad
1070 603 1237 650 triginta
1266 599 1397 636 Ptolo-

213 678 374 702 maeum
423 664 743 714 Philadelphum,
783 664 834 702 ad
884 677 931 701 xL
982 664 1258 701 Ptolomaeum
1308 663 1397 700 Phi-

213 728 436 779 lopatorem
471 733 536 779 qui
571 729 759 780 Tryphon
793 732 1096 779 cognominatus
1130 734 1204 765 est.
1259 741 1397 765 onera-

213 796 312 830 riam
350 794 505 843 Hippus
542 794 683 844 Tyrius
720 797 885 836 invenit,
922 793 1097 830 lembum
1135 792 1397 842 Cyrenenses,

213 858 400 894 cumbam
415 857 647 902 Phoenices,
660 858 833 895 celetem
849 857 1005 900 Rhodii,
1017 870 1224 907 cercyrum
1239 857 1374 907 Cyprii
1388 869 1397 900 ;

215 921 390 959 siderum
437 922 759 959 observationem
806 925 846 958 in
894 922 1118 972 navigando
1167 920 1398 965 Phoenices,

213 999 367 1023 remum
418 985 566 1036 Copae,
616 986 871 1023 latitudinem
921 989 1004 1023 eius
1055 985 1258 1030 Plataeae,
1307 985 1396 1022 vela

216 1050 364 1094 Icarus,
397 1050 546 1087 malum
589 1057 629 1088 et
670 1057 888 1087 antennam
931 1050 1147 1095 Daedalus,
1177 1049 1395 1101 hippegum

215 1113 335 1151 Samii
351 1121 421 1152 aut
439 1114 611 1152 Pericles
628 1114 900 1159 Atheniensis,
915 1121 1044 1152 tectas
1060 1114 1197 1165 longas
1213 1113 1397 1151 Thasii—

213 1185 335 1216 antea
355 1193 404 1216 ex
423 1192 543 1228 prora
561 1186 720 1216 tantum
742 1185 783 1216 et
802 1182 925 1229 puppi
945 1179 1213 1229 pugnabatur.
1268 1184 1397 1215 rostra

215 1243 368 1280 addidit
384 1243 545 1280 Pisaeus
558 1244 740 1294 Tyrreni,
753 1257 940 1280 ancoram
954 1243 1211 1293 Eupalamu5‚
1226 1243 1395 1280 eandem

214 1307 421 1344 bidentem
442 1307 715 1352 Anarcharsis,
734 1307 983 1358 harpagones
1003 1313 1045 1344 et
1065 1321 1204 1344 manus
1226 1306 1397 1344 Pericles

216 1371 487 1415 Atheniensis,
517 1372 755 1409 adminicula
781 1371 1032 1423 gubernandi
1059 1371 1220 1422 Tiphys.
1272 1371 1397 1409 classe

214 1439 398 1486 princeps
414 1436 660 1486 depugnavit
681 1437 824 1473 Minos.

266 1500 426 1537 Animal
462 1501 607 1537 occidit
643 1504 793 1550 primus
831 1501 1061 1551 Hyperbius
1102 1501 1244 1537 Martis
1282 1499 1396 1545 filius,

213 1563 474 1601 Prometheus
497 1565 652 1602 bovem.

269 1627 395 1666 LVII.
427 1629 619 1665 Gentium
639 1642 853 1666 consensus
873 1633 1018 1666 tacitus
1048 1632 1196 1678 primus
1220 1631 1396 1665 omnium

213 1695 456 1742 conspiravit
495 1699 538 1730 ut
584 1693 724 1730 Ionum
766 1693 911 1730 litteris
951 1699 1174 1730 uterentur.
1246 1692 1394 1730 LVIII.

216 1763 372 1794 veteres
412 1757 586 1794 Graecas
625 1757 745 1795 fuisse
784 1757 946 1795 easdem
984 1770 1112 1807 paene
1151 1771 1254 1807 quae
1293 1769 1396 1794 nunc

213 1827 307 1857 sunt
318 1820 332 1843 ¹
350 1820 518 1857 Latinae
533 1821 676 1858 indicio
691 1825 766 1859 erit
784 1821 980 1871 Delphica
993 1824 1145 1871 antiqui
1160 1825 1262 1858 aeris
1275 1822 1395 1871 (quae

215 1890 276 1921 est
291 1883 409 1922 hodie
429 1887 469 1921 in
485 1885 639 1922 Palatio
654 1886 758 1923 dono
777 1886 1018 1936 principum)
1038 1886 1246 1922 Minervae
1262 1884 1394 1922 dicata

658 2006 668 2024 ¹
694 2004 848 2036 Gelenius
859 2017 866 2035 :
892 2005 973 2037 sint.

213 2081 284 2128 646
