1515 2351
112 250 175 281 110

113 838 171 868 111

401 140 592 178 PLINY:
644 140 910 178 NATURAL
946 139 1186 178 HISTORY

248 245 376 282 XXX.
401 243 557 281 Platoni
578 247 800 294 sapientiae
821 246 994 281 antistiti
1015 244 1230 294 Dionysius
1249 248 1383 294 tyran—

198 317 272 340 nus
286 303 381 340 alias
395 305 586 340 saevitiae
601 303 894 353 superbiaeque
908 308 1027 339 natus
1040 304 1229 339 vittatam
1241 315 1386 340 navem

198 365 305 398 misit
339 363 511 406 obviam,
543 364 629 412 ipse
663 361 868 411 quadrigis
902 361 1001 398 albis
1034 361 1313 411 egredientem
1345 363 1385 397 in

197 421 312 457 litore
359 423 532 470 excepit.
586 423 729 471 viginti
776 420 938 457 talentis
984 433 1105 456 unam
1163 422 1386 456 orationem

199 479 395 516 Isocrates
423 479 618 516 vendidit.
674 478 894 516 Aeschines
922 477 1181 515 Atheniensis
1209 491 1386 515 summus

198 544 345 583 orator,
376 552 466 575 cum
498 540 795 574 accusationem
826 550 906 588 qua
935 536 1069 574 fuerat
1099 550 1192 574 usus
1222 536 1386 588 Rhodiis

198 596 377 647 legisset,
406 596 507 647 legit
539 602 581 633 et
611 595 889 634 defensionem
920 595 1206 633 Demosthenis
1237 608 1317 646 qua
1346 597 1386 632 in

197 655 294 693 illud
331 655 520 706 depulsus
557 654 690 692 fuerat
727 655 905 699 exilium,
942 655 1262 705 mirantibusque
1298 659 1386 692 tum

197 717 324 765 magis
349 714 469 751 fuisse
494 716 706 751 miraturos
730 713 834 750 dixit
858 716 889 750 si
914 716 1045 763 ipsum
1068 719 1252 750 orantem
1276 713 1386 750 audi·

198 776 362 818 vissent,
409 773 641 810 calamitate
690 775 808 809 testis
856 775 997 822 ingens
1047 771 1177 809 factus
1225 774 1384 809 inimici.

198 832 462 883 Thucydiden
503 834 789 882 imperatorem
829 830 1101 868 Athenienses
1142 833 1181 867 in
1223 830 1385 868 exilium

199 904 335 942 egere,
370 904 504 928 rerum
539 890 790 927 conditorem
824 902 1077 934 revocavere,
1114 889 1385 939 eloquentiam

197 952 331 987 mirati
367 952 478 986 cuius
516 952 708 986 virtutem
746 949 1050 986 damnaverant.
1103 961 1296 999 magnum
1344 954 1387 986 et

199 1008 426 1046 Menandro
473 1011 513 1045 in
560 1010 711 1045 comico
758 1020 873 1044 socco
920 1010 1196 1044 testimonium
1245 1020 1384 1058 regum

197 1069 375 1118 Aegypti
397 1073 439 1105 et
460 1066 726 1104 Macedoniae
745 1068 917 1117 contigit
934 1065 1059 1103 classe
1079 1072 1122 1103 et
1140 1079 1212 1116 per
1229 1065 1385 1116 legatos

196 1129 341 1177 petito,
364 1128 492 1163 maius
517 1139 567 1163 ex
591 1128 676 1176 ipso
700 1128 837 1176 regiae
861 1124 1048 1162 fortunae
1072 1124 1255 1175 praelata
1278 1125 1385 1162 litte-

196 1199 329 1222 rarum
350 1187 607 1222 conscientia.

250 1243 494 1282 Perhibuere
513 1249 556 1281 et
574 1243 742 1280 Romani
760 1255 944 1294 proceres
963 1245 1086 1280 etiam
1105 1245 1254 1280 exteris
1273 1245 1386 1280 testi-

195 1306 340 1341 monia.
397 1303 467 1340 Cn.
503 1301 716 1353 Pompeius
749 1301 934 1339 confecto
970 1301 1247 1339 Mithridatico
1279 1301 1385 1339 bello

196 1365 416 1400 intraturus
469 1360 668 1399 Posidonii
718 1363 942 1411 sapientiae
993 1359 1239 1411 professione
1289 1360 1385 1398 clari

196 1421 360 1459 domum
389 1421 515 1458 forem
544 1423 701 1471 percuti
729 1419 780 1457 de
809 1432 919 1457 more
949 1433 973 1456 a
1000 1419 1139 1456 lictore
1169 1421 1313 1464 vetuit,
1342 1425 1386 1457 et

197 1480 324 1517 fasces
355 1480 583 1517 litterarum
614 1482 758 1515 ianuae
790 1481 990 1516 summisit
1021 1480 1053 1515 is
1084 1480 1147 1515 cui
1179 1491 1222 1515 se
1253 1480 1384 1516 oriens

196 1539 462 1589 occidensque
511 1540 778 1575 summiserat.
834 1537 935 1574 Cato
982 1539 1184 1574 censorius
1231 1539 1272 1573 in
1318 1536 1385 1573 illa

237 1656 345 1687 “The
361 1666 515 1697 younger
533 1654 722 1695 Dionysius
739 1653 779 1685 of
795 1653 963 1695 Syracuse
981 1664 1050 1685 was
1066 1652 1192 1685 visited
1215 1653 1261 1695 by
1283 1652 1384 1685 Plato

192 1711 218 1730 5
224 1710 276 1730 on
304 1699 393 1730 aster
418 1699 470 1730 his
501 1698 676 1730 accession
701 1697 736 1728 in
761 1697 824 1728 367
853 1705 917 1728 13..c
944 1697 1013 1728 and
1035 1697 1135 1738 again
1158 1707 1179 1728 a
1199 1695 1264 1728 few
1283 1706 1383 1738 years

195 1743 290 1774 later.

235 1784 248 1804 ⁶
270 1786 315 1816 ln
331 1784 590 1826 Ctesiphontem.

235 1833 247 1847 ⁶
269 1829 317 1860 De
334 1839 462 1860 corona.

235 1870 250 1890 ‘¹
273 1871 312 1902 In
329 1872 393 1902 424
412 1880 476 1902 nc.
494 1871 714 1912 Thucydides
731 1882 800 1903 was
823 1871 858 1903 in
880 1871 1064 1903 command
1085 1871 1125 1903 of
1142 1881 1185 1903 an
1207 1870 1381 1903 Athenian

193 1914 272 1946 ficet
296 1914 374 1946 that
398 1914 635 1955 unavoidably
658 1914 794 1946 arrived
818 1919 878 1946 too
901 1914 969 1946 lato
993 1919 1031 1946 to
1056 1925 1138 1946 save
1162 1913 1381 1956 Amphipolis

193 1957 281 1989 from
299 1962 442 1999 capture
460 1958 504 1999 by
523 1957 582 1989 the
598 1958 747 1999 Spartan
764 1957 937 1989 Brasidus.
975 1957 1027 1989 He
1041 1957 1188 1989 avoided
1210 1957 1380 1999 impoach-

193 2004 289 2032 ment
317 2000 363 2042 by
389 2001 493 2042 going
524 2001 599 2032 into
629 2000 727 2033 exile.
775 2000 829 2032 He
852 2010 962 2032 seems
986 2004 1025 2032 to
1048 2000 1138 2032 have
1158 1999 1323 2032 returned
1343 2003 1381 2032 to

197 2063 268 2110 578
