1515 2351
118 495 155 525 15

123 1073 158 1102 16

126 1585 160 1616 17

379 127 542 165 PLINY
619 127 881 165 NATURAL
918 126 1150 164 HISTORY

183 232 356 276 Absilae,
387 231 594 268 castellum
631 230 899 282 Sebastopolis
931 244 953 266 a
985 229 1154 266 Phaside
1188 232 1221 273 ἓ,
1253 242 1350 280 gens

180 296 422 339 Sanicarum,
460 295 649 345 oppidum
687 295 861 346 Cygnus,
898 294 1046 330 flumen
1085 299 1125 330 et
1162 293 1349 344 oppidum

183 359 346 403 Penius;
409 359 555 396 deinde
603 359 737 396 multis
785 359 1009 396 nominibus
1058 356 1349 394 Heniochorum

179 431 332 476 gentes.

238 489 283 525 V.
313 488 511 525 Subicitur
555 487 669 525 Ponti
715 490 825 538 regio
872 487 1014 530 Colica,
1058 490 1097 523 in
1141 500 1219 536 qua
1261 487 1353 536 iuga

183 552 345 589 Caucasi
362 552 412 589 ad
429 552 599 602 Ripaeos
615 558 771 588 montes
787 557 1037 601 torquentur,
1054 557 1097 587 ut
1113 551 1264 587 dictum
1280 555 1354 593 est,

183 617 308 652 altero
325 616 451 653 latere
470 619 509 652 in
526 616 726 652 Euxinum
745 622 786 652 et
805 615 1029 652 Maeotium
1047 615 1213 658 devexa,
1231 614 1354 650 altero

182 684 221 717 in
244 680 428 731 Caspium
453 686 494 717 et
517 680 762 730 Hyrcanium
785 693 906 716 mare.
962 679 1113 729 reliqua
1133 678 1250 715 litora
1272 677 1354 715 fere

183 748 363 782 nationes
405 750 548 781 tenent
593 743 903 788 Melanchlaeni,
947 743 1089 780 Coraxi
1132 743 1227 780 urbe
1271 741 1356 779 Col-

183 808 343 846 chorum
366 809 626 845 Dioscuriade
647 811 758 845 iuxta
779 809 938 844 fluvium
958 806 1235 844 Anthemunta
1255 820 1356 843 nunc

184 874 356 916 deserta,
378 873 577 922 quondam
601 873 701 909 adeo
722 872 826 909 clara
848 878 891 908 ut
911 870 1187 908 Timosthenes
1208 873 1248 907 in
1269 884 1355 907 eam

183 950 248 974 ccc
281 939 462 973 nationes
495 936 746 973 dissimilibus
780 936 921 987 linguis
953 935 1198 973 descendere
1231 934 1358 986 prodi—

184 1002 309 1045 derit;
345 1007 387 1038 et
407 1007 547 1051 postea
569 1014 590 1037 a
612 1003 754 1037 nostris
777 1013 871 1036 cxxx
893 1000 1176 1050 interpretibus
1198 1001 1358 1050 negotia

184 1072 299 1116 gesta
328 1066 392 1102 ibi.
448 1072 540 1102 sunt
571 1068 635 1115 qui
665 1065 867 1102 conditam
899 1078 987 1101 eam
1018 1065 1067 1100 ab
1097 1063 1288 1114 Amphito
1317 1069 1358 1100 et

184 1130 372 1166 'shelchio
392 1130 564 1166 Castoris
584 1142 628 1166 ac
649 1128 815 1165 Pollucis
835 1131 979 1178 aurigis
999 1134 1158 1178 putent,
1177 1143 1199 1164 a
1219 1129 1358 1177 quibus

186 1201 311 1231 ortam
330 1193 621 1230 Heniochorum
639 1199 804 1243 gentem
821 1194 903 1229 fere
919 1198 1087 1229 constat.
1127 1192 1149 1228 ἓ
1175 1192 1224 1228 a1
1246 1192 1357 1228 Dios-

186 1258 342 1296 curiade
385 1258 571 1308 oppidum
614 1257 851 1294 Heracleum
886 1257 1025 1301 distat,
1058 1270 1081 1292 a
1114 1255 1358 1307 Sebastopoli

188 1324 268 1360 [XX.
323 1321 487 1365 Achaei,
539 1321 683 1365 Mardi,
733 1321 941 1365 Cercetae,
989 1327 1079 1371 post
1127 1334 1194 1357 eos
1241 1319 1359 1364 Serri,

187 1387 472 1437 Cephalotomi.
528 1389 566 1422 in
597 1389 736 1422 intimo
767 1399 813 1422 eo
844 1392 971 1422 tractu
1005 1384 1142 1435 Pityus
1172 1384 1359 1435 oppidum

187 1451 527 1501 opulentissimum
549 1452 597 1486 ab
621 1449 834 1486 Heniochis
855 1450 1056 1499 direptum
1078 1455 1150 1486 est.
1206 1462 1228 1485 a
1246 1455 1361 1499 tergo

187 1518 269 1552 eius
304 1516 580 1565 Epagerritae,
612 1514 881 1550 Sarmatarum
914 1513 1094 1563 populus,
1126 1515 1164 1549 in
1198 1513 1359 1549 Caucasi

192 1582 305 1629 iugis,
340 1585 428 1629 post
465 1592 582 1628 qucm
619 1578 890 1614 Sauromatae.
946 1577 995 1614 ad
1030 1577 1098 1614 hos
1132 1577 1359 1628 profugerat

191 1643 446 1680 Mithridates
477 1642 640 1678 Claudio
669 1644 859 1692 principe,
881 1644 1131 1691 narravitque
1151 1640 1293 1677 Thalos
1315 1643 1360 1677 iis

188 1720 273 1745 esse
311 1707 472 1744 confinis
511 1709 578 1756 qui
617 1707 666 1743 ab
705 1708 859 1742 oriente
899 1705 1030 1756 Caspii
1073 1708 1190 1742 maris
1229 1705 1360 1741 fauces

574 1791 586 1811 ¹
611 1791 784 1831 Mayhoff:
816 1801 854 1821 ca
870 1795 926 1822 aut
943 1801 974 1822 a.

235 1900 248 1915 ⁰
276 1894 488 1925 Reminished
507 1904 544 1924 ae
568 1894 646 1933 king
667 1894 704 1923 ol*
729 1893 895 1933 Bosporus
916 1893 959 1933 by
981 1892 1140 1923 Claudius
1164 1894 1197 1923 in
1219 1902 1288 1924 ΑΛ).
1307 1893 1359 1929 41.

195 1941 255 1970 but
269 1939 353 1968 later
369 1936 523 1977 replaced
540 1936 584 1976 by
602 1936 650 1966 hie
669 1936 804 1966 brother
818 1936 932 1976 Cotye.

232 1982 244 2001 ⁶
266 1983 328 2013 sve
346 1991 377 2020 p.
397 1982 470 2016 364,
489 1983 567 2010 note
583 1979 611 2010 b.

190 2046 259 2092 348
