1515 2351
450 127 640 166 PLINY:
694 129 958 167 NATURAL
997 129 1235 168 HISTORY

244 238 408 270 vocatur
457 233 659 283 quondam
710 232 959 270 Messanicus
1009 233 1247 284 appellatus.
1302 237 1435 285 proxi-

244 315 354 339 mum
385 303 478 339 inde
510 305 656 340 ostium
688 303 1011 353 magnitudinem
1042 309 1180 354 portus
1212 302 1336 342 habet
1367 307 1433 355 qui

245 371 410 409 Vatreni
447 372 605 417 dicitur,
643 386 721 423 qua
759 372 946 409 Claudius
985 372 1131 410 Caesar
1167 385 1189 410 e
1227 373 1435 412 Britannia

245 441 494 492 triumphans
521 442 762 493 praegrandi
787 442 853 478 illa
880 443 1000 479 domo
1027 445 1157 480 verius
1184 456 1306 494 quam
1331 457 1433 482 nave

162 515 223 546 120
247 514 410 549 intravit
426 511 630 549 Hadriam.
687 511 760 549 hoc
775 518 870 549 ante
886 512 1105 549 Eridanum
1120 514 1266 550 ostium
1280 512 1433 551 dictum

160 1283 213 1314 121

245 587 321 626 est,
355 582 406 618 ab
441 581 526 618 aliis
561 581 809 632 Spineticum
843 582 894 618 ab
930 582 1027 619 urbe
1062 581 1185 632 Spina
1218 596 1322 634 quae
1357 582 1434 621 fuit

246 654 372 696 iuxta,
386 652 635 702 praevalens,
650 658 695 689 ut
711 651 918 702 Delphicis
931 651 1130 689 creditum
1146 658 1208 690 est
1222 651 1433 698 thesauris,

243 721 405 758 condita
453 735 477 758 a
519 721 730 759 Diomede.
787 727 911 772 auget
947 722 1002 758 ibi
1041 720 1195 759 Padum
1233 722 1432 760 Vatrenus

242 794 369 828 amnis
390 804 439 828 ex
462 791 799 829 Forocorneliensi
819 805 927 842 agro.

295 859 525 898 Proximum
545 862 639 899 inde
659 864 806 899 ostium
827 861 1055 912 Caprasiae,
1075 861 1170 899 dein
1189 861 1317 913 Sagis,
1337 862 1432 900 dein

243 930 394 968 Volane
425 931 531 982 quod
559 937 653 968 ante
678 930 806 968 Olane
836 932 1066 977 vocabatur,
1089 934 1223 969 omnia
1251 945 1300 969 ea
1327 931 1432 970 fossa

246 1000 378 1038 Flavia
401 1015 521 1052 quam
544 1004 659 1052 primi
683 1015 706 1038 a
728 1000 822 1052 Sagi
845 1001 979 1038 fecere
1001 1001 1119 1038 Tusci
1142 1007 1282 1053 egesto
1305 1004 1432 1039 amnis

242 1073 396 1121 impetu
442 1085 513 1122 per
559 1077 828 1109 transversum
873 1074 912 1108 in
958 1071 1218 1109 Atrianorum
1262 1071 1430 1123 paludes

243 1154 346 1190 quae
369 1140 535 1192 Septem
560 1140 691 1178 Maria
713 1141 979 1192 appellantur,
1001 1141 1123 1178 nobili
1149 1147 1268 1192 portu
1295 1141 1429 1193 oppidi

240 1210 457 1247 Tuscorum
506 1212 644 1248 Atriae
692 1224 715 1247 a
762 1224 841 1262 quo
888 1211 1130 1248 Atriaticum
1177 1224 1286 1248 mare
1334 1217 1429 1249 ante

243 1280 521 1330 appellabatur
560 1281 667 1331 quod
705 1294 810 1317 nunc
850 1281 1140 1318 Hadriaticum.
1196 1280 1289 1318 inde
1328 1283 1431 1319 ostia

242 1349 360 1400 plena
374 1350 629 1395 Carbonaria,
644 1365 689 1388 ac
706 1352 718 1372 ¹
735 1351 943 1387 Fossiones
960 1349 1224 1395 Philistinae‚²
1241 1350 1348 1401 quod
1363 1351 1429 1388 alii

240 1419 450 1457 Tartarum
468 1426 624 1465 vocant,
640 1423 773 1457 omnia
789 1433 838 1457 ex
856 1419 1090 1457 Philistinae
1105 1419 1235 1458 fossae
1251 1421 1429 1458 abunda-

241 1492 350 1526 tione
385 1493 603 1534 nascentia,
636 1490 922 1527 accedentibus
955 1490 1071 1527 Atesi
1104 1504 1152 1527 ex
1185 1490 1429 1528 Tridentinis

241 1564 409 1615 Alpibus
446 1572 488 1603 et
523 1566 722 1616 Togisono
759 1579 809 1603 ex
847 1564 1128 1602 Patavinorum
1166 1568 1283 1616 agris.
1337 1579 1428 1617 pars

241 1653 377 1678 eorum
405 1647 447 1677 et
474 1643 698 1691 proximum
726 1647 886 1692 portum
914 1640 1010 1678 facit
1037 1641 1298 1686 Brundulum,
1324 1643 1427 1679 sicut

241 1716 469 1753 Aedronem
512 1716 699 1754 Meduaci
738 1717 817 1754 duo
854 1730 900 1754 ac
938 1716 1043 1753 fossa
1081 1716 1230 1753 Clodia.
1287 1715 1346 1753 his
1384 1729 1427 1754 se

242 1790 372 1828 Padus
403 1794 543 1828 miscet
573 1805 618 1828 ac
647 1805 719 1842 per
748 1791 847 1828 haec
877 1791 1107 1836 effunditur,
1137 1792 1351 1843 plerisque,
1381 1797 1426 1829 ut

241 1868 280 1904 in
315 1868 507 1918 Aegypto
544 1867 654 1904 Nilus
691 1867 797 1917 quod
833 1873 976 1904 vocant
1013 1867 1150 1912 Delta,
1186 1869 1424 1918 triquetram

428 1969 439 1989 ¹
463 1980 502 2001 ac
518 1969 571 2001 hic
589 1969 649 2001 edd
672 1981 678 2000 :
703 1973 777 2010 post
799 1969 977 2001 Fossiones
994 1973 1051 2001 aut
1068 1979 1132 2002 om.
1151 1969 1241 2002 codd.

243 2058 290 2094 88
426 2012 438 2031 ’·“
461 2012 566 2044 Ειίά.;
594 2012 785 2044 Philistina.
