<?xml version="1.0" encoding="UTF-8"?>
<!DOCTYPE html PUBLIC "-//W3C//DTD XHTML 1.0 Transitional//EN"
    "http://www.w3.org/TR/xhtml1/DTD/xhtml1-transitional.dtd">
<html xmlns="http://www.w3.org/1999/xhtml" xml:lang="en" lang="en">
 <head>
  <title>
</title>
<meta http-equiv="Content-Type" content="text/html;charset=utf-8" />
  <meta name='ocr-system' content='tesseract 3.04.00' />
  <meta name='ocr-capabilities' content='ocr_page ocr_carea ocr_par ocr_line ocrx_word'/>
</head>
<body>
  <div class='ocr_page' id='page_1' title='image "./naturalhistory02plinuoft/naturalhistory02plinuoft_0420.png"; bbox 0 0 1515 2351; ppageno 0'>
   <div class='ocr_carea' id='block_1_1' title="bbox 125 436 166 466">
    <p class='ocr_par' dir='ltr' id='par_1_1' title="bbox 125 436 166 466">
     <span class='ocr_line' id='line_1_1' title="bbox 125 436 166 466; baseline 0 0"><span class='ocrx_word' id='word_1_1' title='bbox 125 436 166 466; x_wconf 82' lang='lat'>88</span> 
     </span>
    </p>
   </div>
   <div class='ocr_carea' id='block_1_2' title="bbox 131 1343 173 1373">
    <p class='ocr_par' dir='ltr' id='par_1_2' title="bbox 131 1343 173 1373">
     <span class='ocr_line' id='line_1_2' title="bbox 131 1343 173 1373; baseline 0.024 -1"><span class='ocrx_word' id='word_1_2' title='bbox 131 1343 173 1373; x_wconf 83' lang='lat'>89</span> 
     </span>
    </p>
   </div>
   <div class='ocr_carea' id='block_1_3' title="bbox 396 115 1177 155">
    <p class='ocr_par' dir='ltr' id='par_1_3' title="bbox 396 115 1177 155">
     <span class='ocr_line' id='line_1_3' title="bbox 396 115 1177 155; baseline -0.003 0"><span class='ocrx_word' id='word_1_3' title='bbox 396 117 564 155; x_wconf 84' lang='lat' dir='ltr'>PLINY</span> <span class='ocrx_word' id='word_1_4' title='bbox 578 131 587 155; x_wconf 87' lang='lat'>:</span> <span class='ocrx_word' id='word_1_5' title='bbox 638 117 903 154; x_wconf 83' lang='lat' dir='ltr'>NATURAL</span> <span class='ocrx_word' id='word_1_6' title='bbox 939 115 1177 154; x_wconf 87' lang='lat' dir='ltr'>HISTORY</span> 
     </span>
    </p>
   </div>
   <div class='ocr_carea' id='block_1_4' title="bbox 191 221 1388 1736">
    <p class='ocr_par' dir='ltr' id='par_1_4' title="bbox 191 221 1385 1319">
     <span class='ocr_line' id='line_1_4' title="bbox 191 221 1377 272; baseline -0.003 -12"><span class='ocrx_word' id='word_1_7' title='bbox 191 223 297 260; x_wconf 87' lang='lat' dir='ltr'>sidus</span> <span class='ocrx_word' id='word_1_8' title='bbox 339 226 478 272; x_wconf 80' lang='lat' dir='ltr'>ingens</span> <span class='ocrx_word' id='word_1_9' title='bbox 520 227 562 258; x_wconf 89' lang='lat' dir='ltr'>et</span> <span class='ocrx_word' id='word_1_10' title='bbox 601 221 767 258; x_wconf 84' lang='lat' dir='ltr'>clarum.</span> <span class='ocrx_word' id='word_1_11' title='bbox 822 221 892 258; x_wconf 88' lang='lat' dir='ltr'>sed</span> <span class='ocrx_word' id='word_1_12' title='bbox 933 223 1109 257; x_wconf 82' lang='lat' dir='ltr'>maxime</span> <span class='ocrx_word' id='word_1_13' title='bbox 1148 223 1291 256; x_wconf 90' lang='lat' dir='ltr'>mirum</span> <span class='ocrx_word' id='word_1_14' title='bbox 1330 221 1377 256; x_wconf 85' lang='lat' dir='ltr'>iis</span> 
     </span>
     <span class='ocr_line' id='line_1_5' title="bbox 192 289 1377 339; baseline -0.004 -10"><span class='ocrx_word' id='word_1_15' title='bbox 192 298 279 329; x_wconf 91' lang='lat' dir='ltr'>erat</span> <span class='ocrx_word' id='word_1_16' title='bbox 305 292 466 328; x_wconf 91' lang='lat' dir='ltr'>umbras</span> <span class='ocrx_word' id='word_1_17' title='bbox 490 304 580 328; x_wconf 88' lang='lat' dir='ltr'>suas</span> <span class='ocrx_word' id='word_1_18' title='bbox 604 293 644 327; x_wconf 88' lang='lat' dir='ltr'>in</span> <span class='ocrx_word' id='word_1_19' title='bbox 669 296 850 327; x_wconf 89' lang='lat' dir='ltr'>nostrum</span> <span class='ocrx_word' id='word_1_20' title='bbox 873 289 1030 328; x_wconf 82' lang='lat' dir='ltr'>caelum</span> <span class='ocrx_word' id='word_1_21' title='bbox 1053 289 1211 334; x_wconf 92' lang='lat' dir='ltr'>cadere,</span> <span class='ocrx_word' id='word_1_22' title='bbox 1234 290 1377 339; x_wconf 36' lang='lat' dir='ltr'>nontin</span> 
     </span>
     <span class='ocr_line' id='line_1_6' title="bbox 192 358 1376 411; baseline -0.003 -13"><span class='ocrx_word' id='word_1_23' title='bbox 192 375 322 399; x_wconf 84' lang='lat' dir='ltr'>suum.</span> <span class='ocrx_word' id='word_1_24' title='bbox 339 360 546 411; x_wconf 88' lang='lat' dir='ltr'>solemque</span> <span class='ocrx_word' id='word_1_25' title='bbox 564 360 614 397; x_wconf 92' lang='lat' dir='ltr'>ab</span> <span class='ocrx_word' id='word_1_26' title='bbox 632 360 746 397; x_wconf 87' lang='lat' dir='ltr'>laeva</span> <span class='ocrx_word' id='word_1_27' title='bbox 764 362 855 397; x_wconf 89' lang='lat' dir='ltr'>oriri</span> <span class='ocrx_word' id='word_1_28' title='bbox 874 366 915 397; x_wconf 90' lang='lat' dir='ltr'>et</span> <span class='ocrx_word' id='word_1_29' title='bbox 933 362 974 396; x_wconf 92' lang='lat' dir='ltr'>in</span> <span class='ocrx_word' id='word_1_30' title='bbox 992 359 1178 396; x_wconf 85' lang='lat' dir='ltr'>dextram</span> <span class='ocrx_word' id='word_1_31' title='bbox 1196 358 1376 396; x_wconf 87' lang='lat' dir='ltr'>occidere</span> 
     </span>
     <span class='ocr_line' id='line_1_7' title="bbox 194 427 1378 481; baseline -0.003 -14"><span class='ocrx_word' id='word_1_32' title='bbox 194 434 326 481; x_wconf 87' lang='lat' dir='ltr'>potius</span> <span class='ocrx_word' id='word_1_33' title='bbox 376 443 498 480; x_wconf 88' lang='lat' dir='ltr'>quam</span> <span class='ocrx_word' id='word_1_34' title='bbox 547 443 571 467; x_wconf 90' lang='lat' dir='ltr'>e</span> <span class='ocrx_word' id='word_1_35' title='bbox 619 429 787 467; x_wconf 82' lang='lat' dir='ltr'>diverso.</span> <span class='ocrx_word' id='word_1_36' title='bbox 842 429 963 466; x_wconf 90' lang='lat' dir='ltr'>iidem</span> <span class='ocrx_word' id='word_1_37' title='bbox 1014 441 1224 465; x_wconf 81' lang='lat' dir='ltr'>narravere</span> <span class='ocrx_word' id='word_1_38' title='bbox 1271 427 1378 464; x_wconf 86' lang='lat' dir='ltr'>latus</span> 
     </span>
     <span class='ocr_line' id='line_1_8' title="bbox 193 497 1377 550; baseline -0.003 -13"><span class='ocrx_word' id='word_1_39' title='bbox 193 500 346 538; x_wconf 88' lang='lat' dir='ltr'>insulae</span> <span class='ocrx_word' id='word_1_40' title='bbox 387 500 494 550; x_wconf 92' lang='lat' dir='ltr'>quod</span> <span class='ocrx_word' id='word_1_41' title='bbox 535 499 869 549; x_wconf 82' lang='lat' dir='ltr'><strong>praetenderetur</strong></span> <span class='ocrx_word' id='word_1_42' title='bbox 912 498 1052 535; x_wconf 87' lang='lat' dir='ltr'>Indiae</span> <span class='ocrx_word' id='word_1_43' title='bbox 1091 497 1116 533; x_wconf 71' lang='grc' dir='ltr'>ἶ(</span> <span class='ocrx_word' id='word_1_44' title='bbox 1156 497 1377 535; x_wconf 89' lang='lat' dir='ltr'>stadiorum</span> 
     </span>
     <span class='ocr_line' id='line_1_9' title="bbox 194 566 1379 612; baseline -0.003 -5"><span class='ocrx_word' id='word_1_45' title='bbox 194 583 280 608; x_wconf 89' lang='lat' dir='ltr'>esse</span> <span class='ocrx_word' id='word_1_46' title='bbox 317 570 368 606; x_wconf 87' lang='lat' dir='ltr'>ab</span> <span class='ocrx_word' id='word_1_47' title='bbox 405 572 561 606; x_wconf 85' lang='lat' dir='ltr'>oriente</span> <span class='ocrx_word' id='word_1_48' title='bbox 597 567 786 612; x_wconf 83' lang='lat' dir='ltr'>hibern03</span> <span class='ocrx_word' id='word_1_49' title='bbox 837 568 943 605; x_wconf 83' lang='lat' dir='ltr'>ultra</span> <span class='ocrx_word' id='word_1_50' title='bbox 980 573 1137 604; x_wconf 89' lang='lat' dir='ltr'>montes</span> <span class='ocrx_word' id='word_1_51' title='bbox 1174 566 1379 604; x_wconf 88' lang='lat' dir='ltr'>Hemodos</span> 
     </span>
     <span class='ocr_line' id='line_1_10' title="bbox 194 639 1381 690; baseline -0.003 -13"><span class='ocrx_word' id='word_1_52' title='bbox 194 639 309 677; x_wconf 85' lang='lat' dir='ltr'>Seras</span> <span class='ocrx_word' id='word_1_53' title='bbox 330 653 491 690; x_wconf 90' lang='lat' dir='ltr'>quoque</span> <span class='ocrx_word' id='word_1_54' title='bbox 511 639 561 675; x_wconf 88' lang='lat' dir='ltr'>ab</span> <span class='ocrx_word' id='word_1_55' title='bbox 581 641 675 688; x_wconf 87' lang='lat' dir='ltr'>ipsis</span> <span class='ocrx_word' id='word_1_56' title='bbox 696 641 818 688; x_wconf 83' lang='lat' dir='ltr'>aspici</span> <span class='ocrx_word' id='word_1_57' title='bbox 840 644 954 674; x_wconf 87' lang='lat' dir='ltr'>notos</span> <span class='ocrx_word' id='word_1_58' title='bbox 975 640 1100 674; x_wconf 86' lang='lat' dir='ltr'>etiam</span> <span class='ocrx_word' id='word_1_59' title='bbox 1119 639 1381 674; x_wconf 89' lang='lat' dir='ltr'>commercio:</span> 
     </span>
     <span class='ocr_line' id='line_1_11' title="bbox 194 703 1379 760; baseline -0.004 -13"><span class='ocrx_word' id='word_1_60' title='bbox 194 716 351 760; x_wconf 86' lang='lat' dir='ltr'>patrem</span> <span class='ocrx_word' id='word_1_61' title='bbox 372 708 547 746; x_wconf 82' lang='lat' dir='ltr'>Rachiae</span> <span class='ocrx_word' id='word_1_62' title='bbox 567 720 814 745; x_wconf 86' lang='lat' dir='ltr'>commeasse</span> <span class='ocrx_word' id='word_1_63' title='bbox 838 720 908 744; x_wconf 86' lang='lat' dir='ltr'>eo:</span> <span class='ocrx_word' id='word_1_64' title='bbox 947 707 1110 744; x_wconf 83' lang='lat' dir='ltr'>advenis</span> <span class='ocrx_word' id='word_1_65' title='bbox 1136 707 1210 743; x_wconf 87' lang='lat' dir='ltr'>sibi</span> <span class='ocrx_word' id='word_1_66' title='bbox 1234 703 1379 742; x_wconf 86' lang='lat' dir='ltr'>Seras¹</span> 
     </span>
     <span class='ocr_line' id='line_1_12' title="bbox 194 775 1382 828; baseline -0.004 -12"><span class='ocrx_word' id='word_1_67' title='bbox 194 792 412 817; x_wconf 87' lang='lat' dir='ltr'>occursare.</span> <span class='ocrx_word' id='word_1_68' title='bbox 467 781 571 828; x_wconf 91' lang='lat' dir='ltr'>ipsos</span> <span class='ocrx_word' id='word_1_69' title='bbox 611 791 704 815; x_wconf 89' lang='lat' dir='ltr'>vero</span> <span class='ocrx_word' id='word_1_70' title='bbox 743 777 941 815; x_wconf 90' lang='lat' dir='ltr'>excedere</span> <span class='ocrx_word' id='word_1_71' title='bbox 981 775 1189 813; x_wconf 88' lang='lat' dir='ltr'>hominum</span> <span class='ocrx_word' id='word_1_72' title='bbox 1230 777 1382 826; x_wconf 84' lang='lat' dir='ltr'>magni-</span> 
     </span>
     <span class='ocr_line' id='line_1_13' title="bbox 194 846 1382 893; baseline -0.004 -7"><span class='ocrx_word' id='word_1_73' title='bbox 194 849 393 893; x_wconf 81' lang='lat' dir='ltr'>tudinem,</span> <span class='ocrx_word' id='word_1_74' title='bbox 431 849 560 886; x_wconf 81' lang='lat' dir='ltr'>rutilis</span> <span class='ocrx_word' id='word_1_75' title='bbox 596 850 733 892; x_wconf 90' lang='lat' dir='ltr'>comis,</span> <span class='ocrx_word' id='word_1_76' title='bbox 768 846 962 885; x_wconf 86' lang='lat' dir='ltr'>caeruleis</span> <span class='ocrx_word' id='word_1_77' title='bbox 999 846 1136 890; x_wconf 86' lang='lat' dir='ltr'>oculis,</span> <span class='ocrx_word' id='word_1_78' title='bbox 1172 848 1249 882; x_wconf 90' lang='lat' dir='ltr'>oris</span> <span class='ocrx_word' id='word_1_79' title='bbox 1281 857 1382 882; x_wconf 89' lang='lat' dir='ltr'>sono</span> 
     </span>
     <span class='ocr_line' id='line_1_14' title="bbox 196 915 1382 967; baseline -0.005 -11"><span class='ocrx_word' id='word_1_80' title='bbox 196 922 311 962; x_wconf 88' lang='lat' dir='ltr'>truci,</span> <span class='ocrx_word' id='word_1_81' title='bbox 335 918 444 956; x_wconf 89' lang='lat' dir='ltr'>nullo</span> <span class='ocrx_word' id='word_1_82' title='bbox 465 921 703 955; x_wconf 89' lang='lat' dir='ltr'>commercio</span> <span class='ocrx_word' id='word_1_83' title='bbox 724 917 899 967; x_wconf 79' lang='lat' dir='ltr'>linguae.</span> <span class='ocrx_word' id='word_1_84' title='bbox 953 922 1089 953; x_wconf 90' lang='lat' dir='ltr'>cetera</span> <span class='ocrx_word' id='word_1_85' title='bbox 1112 915 1256 952; x_wconf 88' lang='lat' dir='ltr'>eadem</span> <span class='ocrx_word' id='word_1_86' title='bbox 1279 926 1382 964; x_wconf 87' lang='lat' dir='ltr'>quae</span> 
     </span>
     <span class='ocr_line' id='line_1_15' title="bbox 197 986 1382 1039; baseline -0.005 -13"><span class='ocrx_word' id='word_1_87' title='bbox 197 992 320 1026; x_wconf 84' lang='lat' dir='ltr'>nostri</span> <span class='ocrx_word' id='word_1_88' title='bbox 353 991 648 1039; x_wconf 86' lang='lat' dir='ltr'>negotiatores:</span> <span class='ocrx_word' id='word_1_89' title='bbox 693 986 864 1024; x_wconf 89' lang='lat' dir='ltr'>fluminis</span> <span class='ocrx_word' id='word_1_90' title='bbox 896 986 1085 1023; x_wconf 81' lang='lat' dir='ltr'>ulteriore</span> <span class='ocrx_word' id='word_1_91' title='bbox 1115 988 1201 1035; x_wconf 92' lang='lat' dir='ltr'>ripa</span> <span class='ocrx_word' id='word_1_92' title='bbox 1231 996 1382 1021; x_wconf 69' lang='lat' dir='ltr'>mercoe</span> 
     </span>
     <span class='ocr_line' id='line_1_16' title="bbox 197 1055 1384 1109; baseline -0.005 -13"><span class='ocrx_word' id='word_1_93' title='bbox 197 1062 346 1109; x_wconf 85' lang='lat' dir='ltr'>positas</span> <span class='ocrx_word' id='word_1_94' title='bbox 365 1062 478 1095; x_wconf 90' lang='lat' dir='ltr'>iuxta</span> <span class='ocrx_word' id='word_1_95' title='bbox 499 1057 656 1095; x_wconf 89' lang='lat' dir='ltr'>venalia</span> <span class='ocrx_word' id='word_1_96' title='bbox 675 1057 764 1094; x_wconf 92' lang='lat' dir='ltr'>tolli</span> <span class='ocrx_word' id='word_1_97' title='bbox 779 1057 829 1093; x_wconf 90' lang='lat' dir='ltr'>ab</span> <span class='ocrx_word' id='word_1_98' title='bbox 844 1058 890 1093; x_wconf 86' lang='lat' dir='ltr'>iis</span> <span class='ocrx_word' id='word_1_99' title='bbox 904 1059 936 1093; x_wconf 88' lang='lat' dir='ltr'>si</span> <span class='ocrx_word' id='word_1_100' title='bbox 951 1055 1112 1106; x_wconf 87' lang='lat' dir='ltr'>placeat</span> <span class='ocrx_word' id='word_1_101' title='bbox 1126 1056 1384 1105; x_wconf 84' lang='lat' dir='ltr'>permutatio,</span> 
     </span>
     <span class='ocr_line' id='line_1_17' title="bbox 198 1123 1385 1175; baseline -0.004 -10"><span class='ocrx_word' id='word_1_102' title='bbox 198 1142 278 1165; x_wconf 90' lang='lat' dir='ltr'>non</span> <span class='ocrx_word' id='word_1_103' title='bbox 306 1128 424 1165; x_wconf 87' lang='lat' dir='ltr'>aliter</span> <span class='ocrx_word' id='word_1_104' title='bbox 452 1128 544 1165; x_wconf 87' lang='lat' dir='ltr'>odio</span> <span class='ocrx_word' id='word_1_105' title='bbox 573 1130 738 1164; x_wconf 87' lang='lat' dir='ltr'>iustiore</span> <span class='ocrx_word' id='word_1_106' title='bbox 766 1126 949 1163; x_wconf 85' lang='lat' dir='ltr'>luxuriae</span> <span class='ocrx_word' id='word_1_107' title='bbox 978 1138 1100 1175; x_wconf 91' lang='lat' dir='ltr'>quam</span> <span class='ocrx_word' id='word_1_108' title='bbox 1129 1127 1161 1161; x_wconf 88' lang='lat' dir='ltr'>si</span> <span class='ocrx_word' id='word_1_109' title='bbox 1190 1123 1385 1174; x_wconf 84' lang='lat' dir='ltr'>perducta</span> 
     </span>
     <span class='ocr_line' id='line_1_18' title="bbox 199 1195 1385 1247; baseline -0.004 -12"><span class='ocrx_word' id='word_1_110' title='bbox 199 1212 310 1236; x_wconf 91' lang='lat' dir='ltr'>mens</span> <span class='ocrx_word' id='word_1_111' title='bbox 343 1197 436 1235; x_wconf 87' lang='lat' dir='ltr'>illuc</span> <span class='ocrx_word' id='word_1_112' title='bbox 471 1210 596 1247; x_wconf 89' lang='lat' dir='ltr'>usque</span> <span class='ocrx_word' id='word_1_113' title='bbox 631 1199 789 1247; x_wconf 86' lang='lat' dir='ltr'>cogitet</span> <span class='ocrx_word' id='word_1_114' title='bbox 824 1195 919 1246; x_wconf 90' lang='lat' dir='ltr'>quid</span> <span class='ocrx_word' id='word_1_115' title='bbox 955 1200 997 1232; x_wconf 87' lang='lat' dir='ltr'>et</span> <span class='ocrx_word' id='word_1_116' title='bbox 1032 1207 1110 1245; x_wconf 88' lang='lat' dir='ltr'>quo</span> <span class='ocrx_word' id='word_1_117' title='bbox 1145 1199 1310 1244; x_wconf 85' lang='lat' dir='ltr'>petatur</span> <span class='ocrx_word' id='word_1_118' title='bbox 1343 1198 1385 1230; x_wconf 85' lang='lat' dir='ltr'>et</span> 
     </span>
     <span class='ocr_line' id='line_1_19' title="bbox 200 1281 336 1319; baseline 0 -14"><span class='ocrx_word' id='word_1_119' title='bbox 200 1281 336 1319; x_wconf 88' lang='lat' dir='ltr'>quare.</span> 
     </span>
    </p>

    <p class='ocr_par' dir='ltr' id='par_1_5' title="bbox 201 1332 1388 1736">
     <span class='ocr_line' id='line_1_20' title="bbox 252 1332 1386 1387; baseline -0.005 -12"><span class='ocrx_word' id='word_1_120' title='bbox 252 1336 330 1375; x_wconf 89' lang='lat' dir='ltr'>Sed</span> <span class='ocrx_word' id='word_1_121' title='bbox 355 1351 405 1375; x_wconf 92' lang='lat' dir='ltr'>ne</span> <span class='ocrx_word' id='word_1_122' title='bbox 429 1338 666 1387; x_wconf 90' lang='lat' dir='ltr'>Taprobane</span> <span class='ocrx_word' id='word_1_123' title='bbox 694 1336 871 1386; x_wconf 86' lang='lat' dir='ltr'>quidem,</span> <span class='ocrx_word' id='word_1_124' title='bbox 898 1337 1077 1385; x_wconf 87' lang='lat' dir='ltr'>quamvis</span> <span class='ocrx_word' id='word_1_125' title='bbox 1105 1339 1222 1371; x_wconf 84' lang='lat' dir='ltr'>extra</span> <span class='ocrx_word' id='word_1_126' title='bbox 1248 1332 1386 1370; x_wconf 88' lang='lat' dir='ltr'>orbem</span> 
     </span>
     <span class='ocr_line' id='line_1_21' title="bbox 201 1407 1387 1457; baseline -0.005 -12"><span class='ocrx_word' id='word_1_127' title='bbox 201 1421 223 1445; x_wconf 94' lang='lat' dir='ltr'>a</span> <span class='ocrx_word' id='word_1_128' title='bbox 244 1415 389 1445; x_wconf 73' lang='lat' dir='ltr'>natura</span> <span class='ocrx_word' id='word_1_129' title='bbox 410 1407 607 1457; x_wconf 90' lang='lat' dir='ltr'>relegata,</span> <span class='ocrx_word' id='word_1_130' title='bbox 628 1409 770 1443; x_wconf 86' lang='lat' dir='ltr'>nostris</span> <span class='ocrx_word' id='word_1_131' title='bbox 793 1408 897 1442; x_wconf 80' lang='lat' dir='ltr'>vitiis</span> <span class='ocrx_word' id='word_1_132' title='bbox 917 1410 1050 1441; x_wconf 84' lang='lat' dir='ltr'>caret:</span> <span class='ocrx_word' id='word_1_133' title='bbox 1085 1416 1225 1440; x_wconf 87' lang='lat' dir='ltr'>aurum</span> <span class='ocrx_word' id='word_1_134' title='bbox 1246 1415 1387 1452; x_wconf 87' lang='lat' dir='ltr'>argen-</span> 
     </span>
     <span class='ocr_line' id='line_1_22' title="bbox 201 1471 1387 1528; baseline -0.006 -13"><span class='ocrx_word' id='word_1_135' title='bbox 201 1483 371 1528; x_wconf 85' lang='lat' dir='ltr'>tumque</span> <span class='ocrx_word' id='word_1_136' title='bbox 400 1483 442 1515; x_wconf 87' lang='lat' dir='ltr'>et</span> <span class='ocrx_word' id='word_1_137' title='bbox 471 1477 524 1514; x_wconf 86' lang='lat' dir='ltr'>ibi</span> <span class='ocrx_word' id='word_1_138' title='bbox 555 1479 595 1513; x_wconf 92' lang='lat' dir='ltr'>in</span> <span class='ocrx_word' id='word_1_139' title='bbox 625 1478 769 1526; x_wconf 86' lang='lat' dir='ltr'>pretio,</span> <span class='ocrx_word' id='word_1_140' title='bbox 799 1488 973 1511; x_wconf 87' lang='lat' dir='ltr'>marmor</span> <span class='ocrx_word' id='word_1_141' title='bbox 1001 1473 1215 1511; x_wconf 86' lang='lat' dir='ltr'>testudinis</span> <span class='ocrx_word' id='word_1_142' title='bbox 1245 1471 1387 1515; x_wconf 90' lang='lat' dir='ltr'>simile,</span> 
     </span>
     <span class='ocr_line' id='line_1_23' title="bbox 201 1543 1388 1598; baseline -0.005 -14"><span class='ocrx_word' id='word_1_143' title='bbox 201 1550 445 1598; x_wconf 88' lang='lat' dir='ltr'>margaritae</span> <span class='ocrx_word' id='word_1_144' title='bbox 457 1558 725 1597; x_wconf 87' lang='lat' dir='ltr'>gemmaeque</span> <span class='ocrx_word' id='word_1_145' title='bbox 738 1547 777 1581; x_wconf 90' lang='lat' dir='ltr'>in</span> <span class='ocrx_word' id='word_1_146' title='bbox 793 1544 940 1582; x_wconf 90' lang='lat' dir='ltr'>honore</span> <span class='ocrx_word' id='word_1_147' title='bbox 955 1556 964 1588; x_wconf 93' lang='grc'><strong>;</strong></span> <span class='ocrx_word' id='word_1_148' title='bbox 980 1543 1107 1581; x_wconf 91' lang='lat' dir='ltr'>multo</span> <span class='ocrx_word' id='word_1_149' title='bbox 1119 1543 1388 1593; x_wconf 65' lang='lat' dir='ltr'>praestantior</span> 
     </span>
     <span class='ocr_line' id='line_1_24' title="bbox 203 1612 1386 1661; baseline -0.006 -7"><span class='ocrx_word' id='word_1_150' title='bbox 203 1623 264 1654; x_wconf 90' lang='lat' dir='ltr'>est</span> <span class='ocrx_word' id='word_1_151' title='bbox 281 1617 296 1640; x_wconf 85' lang='lat'><strong>²</strong></span> <span class='ocrx_word' id='word_1_152' title='bbox 342 1614 484 1654; x_wconf 84' lang='lat' dir='ltr'>totus³</span> <span class='ocrx_word' id='word_1_153' title='bbox 529 1616 709 1653; x_wconf 83' lang='lat' dir='ltr'>luxuriae</span> <span class='ocrx_word' id='word_1_154' title='bbox 755 1612 921 1651; x_wconf 86' lang='lat' dir='ltr'>nostra⁴</span> <span class='ocrx_word' id='word_1_155' title='bbox 965 1612 1158 1650; x_wconf 88' lang='lat' dir='ltr'>cumulus.</span> <span class='ocrx_word' id='word_1_156' title='bbox 1214 1615 1386 1661; x_wconf 89' lang='lat' dir='ltr'>ipsorum</span> 
     </span>
     <span class='ocr_line' id='line_1_25' title="bbox 205 1681 1387 1736; baseline -0.007 -12"><span class='ocrx_word' id='word_1_157' title='bbox 205 1700 299 1736; x_wconf 90' lang='lat' dir='ltr'>opes</span> <span class='ocrx_word' id='word_1_158' title='bbox 322 1689 490 1723; x_wconf 88' lang='lat' dir='ltr'>maiores</span> <span class='ocrx_word' id='word_1_159' title='bbox 513 1699 598 1723; x_wconf 89' lang='lat' dir='ltr'>esse</span> <span class='ocrx_word' id='word_1_160' title='bbox 620 1684 824 1728; x_wconf 90' lang='lat' dir='ltr'>dicebant,</span> <span class='ocrx_word' id='word_1_161' title='bbox 844 1683 915 1721; x_wconf 90' lang='lat' dir='ltr'>sed</span> <span class='ocrx_word' id='word_1_162' title='bbox 937 1682 1043 1733; x_wconf 91' lang='lat' dir='ltr'>apud</span> <span class='ocrx_word' id='word_1_163' title='bbox 1067 1695 1135 1718; x_wconf 91' lang='lat' dir='ltr'>nos</span> <span class='ocrx_word' id='word_1_164' title='bbox 1156 1681 1387 1732; x_wconf 86' lang='lat' dir='ltr'>opulentiae</span> 
     </span>
    </p>
   </div>
   <div class='ocr_carea' id='block_1_5' title="bbox 496 1759 1089 1930">
    <p class='ocr_par' dir='ltr' id='par_1_6' title="bbox 496 1759 1089 1879">
     <span class='ocr_line' id='line_1_26' title="bbox 501 1759 1089 1793; baseline -0.005 0"><span class='ocrx_word' id='word_1_165' title='bbox 501 1763 511 1782; x_wconf 86' lang='lat'>¹</span> <span class='ocrx_word' id='word_1_166' title='bbox 537 1762 716 1793; x_wconf 78' lang='lat' dir='ltr'>Hardouin</span> <span class='ocrx_word' id='word_1_167' title='bbox 732 1773 738 1792; x_wconf 92' lang='lat'><strong>:</strong></span> <span class='ocrx_word' id='word_1_168' title='bbox 769 1760 912 1792; x_wconf 69' lang='lat' dir='ltr'>advenis</span> <span class='ocrx_word' id='word_1_169' title='bbox 928 1759 975 1791; x_wconf 91' lang='lat' dir='ltr'>ibi</span> <span class='ocrx_word' id='word_1_170' title='bbox 991 1759 1089 1790; x_wconf 79' lang='lat' dir='ltr'>feras.</span> 
     </span>
     <span class='ocr_line' id='line_1_27' title="bbox 497 1803 1067 1845; baseline -0.005 -9"><span class='ocrx_word' id='word_1_171' title='bbox 497 1806 509 1824; x_wconf 83' lang='lat'><strong>²</strong></span> <span class='ocrx_word' id='word_1_172' title='bbox 536 1804 691 1845; x_wconf 77' lang='lat' dir='ltr'>Maykoff</span> <span class='ocrx_word' id='word_1_173' title='bbox 702 1816 708 1835; x_wconf 93' lang='lat'>:</span> <span class='ocrx_word' id='word_1_174' title='bbox 740 1803 1006 1845; x_wconf 76' lang='lat' dir='ltr'>praestantiores</span> <span class='ocrx_word' id='word_1_175' title='bbox 1021 1805 1067 1833; x_wconf 73' lang='lat' dir='ltr'>et.</span> 
     </span>
     <span class='ocr_line' id='line_1_28' title="bbox 496 1846 723 1879; baseline -0.004 0"><span class='ocrx_word' id='word_1_176' title='bbox 496 1849 508 1866; x_wconf 88' lang='lat'><strong>³</strong></span> <span class='ocrx_word' id='word_1_177' title='bbox 537 1846 590 1879; x_wconf 70' lang='lat' dir='ltr'>VJ.</span> <span class='ocrx_word' id='word_1_178' title='bbox 605 1848 723 1879; x_wconf 82' lang='lat' dir='ltr'>totius.</span> 
     </span>
    </p>

    <p class='ocr_par' dir='ltr' id='par_1_7' title="bbox 499 1890 958 1930">
     <span class='ocr_line' id='line_1_29' title="bbox 499 1890 958 1930; baseline -0.004 -8"><span class='ocrx_word' id='word_1_179' title='bbox 499 1892 509 1909; x_wconf 77' lang='lat'>⁸</span> <span class='ocrx_word' id='word_1_180' title='bbox 542 1890 783 1930; x_wconf 68' lang='lat' dir='ltr'>ll&#39;arminqton:</span> <span class='ocrx_word' id='word_1_181' title='bbox 810 1892 958 1920; x_wconf 78' lang='lat' dir='ltr'>nostrae.</span> 
     </span>
    </p>
   </div>
   <div class='ocr_carea' id='block_1_6' title="bbox 203 1972 1193 2080">
    <p class='ocr_par' dir='ltr' id='par_1_8' title="bbox 203 1972 1193 2080">
     <span class='ocr_line' id='line_1_30' title="bbox 407 1972 1193 2014; baseline -0.005 -6"><span class='ocrx_word' id='word_1_182' title='bbox 407 1981 422 1996; x_wconf 83' lang='lat'><strong>⁰</strong></span> <span class='ocrx_word' id='word_1_183' title='bbox 446 1976 518 2014; x_wconf 86' lang='lat' dir='ltr'>I.e.,</span> <span class='ocrx_word' id='word_1_184' title='bbox 540 1975 689 2007; x_wconf 78' lang='lat' dir='ltr'>towards</span> <span class='ocrx_word' id='word_1_185' title='bbox 710 1975 769 2006; x_wconf 83' lang='lat' dir='ltr'>the</span> <span class='ocrx_word' id='word_1_186' title='bbox 788 1974 902 2012; x_wconf 79' lang='lat' dir='ltr'>north,</span> <span class='ocrx_word' id='word_1_187' title='bbox 920 1978 983 2005; x_wconf 78' lang='lat' dir='ltr'>not</span> <span class='ocrx_word' id='word_1_188' title='bbox 1003 1973 1059 2005; x_wconf 77' lang='lat' dir='ltr'>the</span> <span class='ocrx_word' id='word_1_189' title='bbox 1079 1972 1193 2004; x_wconf 75' lang='lat' dir='ltr'>south.</span> 
     </span>
     <span class='ocr_line' id='line_1_31' title="bbox 203 2047 274 2080; baseline -0.014 0"><span class='ocrx_word' id='word_1_190' title='bbox 203 2047 274 2080; x_wconf 76' lang='lat'>404</span> 
     </span>
    </p>
   </div>
  </div>
 </body>
</html>
