1515 2351
115 661 157 693 28

381 100 547 138 PLINY
562 114 570 138 ι
622 99 886 138 NATURAL
922 97 1159 137 HISTORY

179 204 389 256 Daphnus,
417 207 609 242 introrsus
637 209 774 241 autem
805 202 941 240 Larisa
968 202 1112 239 Elatea
1138 206 1181 238 et
1207 203 1247 238 in
1274 203 1360 252 ripa

179 269 353 321 Cephisi,
397 275 444 306 ut
488 268 676 313 diximus,
723 267 873 311 Lilaea,
919 265 1177 317 Delphosque
1222 277 1360 303 versae

181 334 340 372 Cnemis
382 339 425 371 et
466 332 712 384 Hyampolis.
767 345 899 369 rursus
942 330 1157 368 Locrorum
1197 342 1279 374 ora,
1320 331 1360 366 in

180 412 259 450 qua
279 398 493 442 Larumna,
511 396 743 441 Thronium,
764 399 877 433 iuxta
896 395 1003 446 quod
1022 394 1214 445 Boagrius
1234 395 1361 431 amnis

180 463 362 501 defertur
382 465 422 499 in
444 475 567 506 mare,
590 461 736 512 oppida
759 460 973 511 Narycum,
995 459 1138 510 Alope,
1159 457 1359 509 Scarphia.

180 534 323 579 postea
366 526 560 563 Maliacus
601 528 708 562 sinus
750 525 800 562 ab
841 524 977 562 incolis
1018 524 1162 568 dictus,
1203 525 1243 560 in
1284 535 1363 573 quo

181 591 328 643 oppida
347 591 568 642 Halcyone,
588 592 780 634 Aeconia,
799 587 977 626 Phalara.

238 656 355 693 Doris
385 655 546 698 deinde,
576 657 616 692 in
648 668 726 705 qua
757 652 978 705 Sperchios,
1008 653 1196 698 Erineon,
1226 651 1364 697 Boion,

182 719 344 766 Pindus,
365 720 566 771 Cytinum.
623 718 784 756 Doridis
805 732 828 756 a
847 724 964 769 tergo
983 730 1097 756 mons
1117 716 1224 756 Oeta
1244 722 1317 754 est.

232 784 420 835 Sequitur
468 786 634 821 mutatis
682 796 802 834 saepe
852 783 1077 820 nominibus
1126 781 1364 826 Haemonia,

183 849 326 887 eadem
351 847 526 899 Pelasgis
551 854 594 886 et
619 847 853 899 Pelasgicon
877 848 1021 898 Argos,
1046 846 1197 891 Hellas,
1221 845 1365 884 eadem

181 913 386 951 ‘fhessalia
403 919 445 951 et
462 914 649 964 DryopiS,
667 925 826 963 semper
842 925 866 949 a
882 912 1044 963 regibus
1060 913 1365 962 cognominata:

183 979 237 1016 ibi
263 981 424 1030 genitus
451 991 522 1015 rex
551 980 711 1014 nomine
741 976 917 1014 Graecus
945 989 968 1013 a
996 989 1074 1026 quo
1103 975 1285 1020 Graecia,
1313 974 1367 1012 ibi

183 1043 330 1080 Hellen
375 1055 399 1080 a
445 1056 523 1094 quo
571 1041 772 1079 Hellenes.
837 1040 908 1078 hos
960 1040 1122 1078 eosdem
1169 1039 1367 1077 Homerus

184 1108 310 1145 tribus
330 1107 555 1145 nominibus
576 1106 795 1158 appellavit
818 1105 1094 1156 Myrmidonas
1115 1110 1157 1142 et
1178 1103 1366 1142 Hellenas

184 1178 227 1210 et
264 1171 458 1209 Achaeos.
515 1185 565 1209 ex
595 1170 654 1208 his
685 1170 899 1208 Phthiotae
929 1172 1185 1207 nominantur
1215 1168 1368 1206 Dorida

184 1237 433 1280 accolentes;
494 1249 632 1274 eorum
678 1235 825 1286 oppida
870 1233 1058 1279 Echinus,
1103 1236 1143 1271 in
1189 1233 1368 1271 faucibus

185 1301 363 1353 Sperchii
407 1301 578 1338 fluminis
621 1299 977 1351 Thermopylarum
1022 1301 1245 1350 angustiae,
1289 1310 1369 1349 quo

185 1372 423 1417 argumento
465 1372 504 1404 1—v
545 1365 638 1403 inde
681 1364 877 1402 Heraclea
922 1362 1092 1401 Trechin
1138 1363 1248 1400 dicta
1293 1368 1367 1400 est..

185 1445 298 1468 mons
315 1431 368 1468 ibi
386 1430 660 1475 Callidromus,
678 1428 827 1480 oppida
841 1428 1046 1466 celebrata
1063 1427 1214 1473 Hellas,
1232 1426 1369 1472 Halos,

187 1495 340 1540 Lamia,
360 1494 519 1540 Phthia,
538 1496 659 1532 Arne.

243 1560 354 1597 VIII.
386 1559 432 1596 In
467 1558 670 1597 Thessalia
706 1565 842 1596 autem
880 1556 1153 1596 Orchomenus
1192 1556 1370 1608 Minyius

187 1630 308 1662 antea
335 1624 465 1661 dictus
495 1630 536 1661 et
565 1623 756 1675 oppidum
786 1622 959 1668 Alimon,
989 1622 1039 1659 ab
1068 1621 1153 1659 aliis
1182 1621 1369 1666 Holmon,

188 1690 330 1734 Atrax,
379 1687 582 1734 Palamna,
630 1687 717 1725 sons
766 1687 958 1738 Hyperia,
1007 1685 1154 1737 oppida
1201 1684 1369 1730 Pherae,

187 1767 355 1804 quarum
379 1767 402 1790 a
425 1759 540 1804 tergo
565 1751 695 1790 Pieria
719 1752 770 1789 ad
795 1751 1078 1789 Macedoniam
1101 1749 1369 1801 protenditur,

517 1914 532 1928 ⁶
557 1910 640 1941 Now
657 1909 716 1940 the
733 1908 813 1941 Guli
828 1908 864 1940 of
879 1908 1033 1941 Zeitaoun·

521 1952 533 1971 ᾖ
559 1953 657 1984 From
675 1950 807 1993 τραχύς,
825 1951 832 1963 ‘
848 1951 998 1994 rugged.’

195 2033 263 2084 138
