1515 2351
119 672 161 702 90

117 1188 155 1219 91

386 132 577 171 PLINY:
629 133 896 172 NATURAL
932 134 1172 171 HISTORY

188 241 380 275 maiorem
415 251 554 275 usum:
600 251 755 275 servom
787 240 950 282 nemini,
981 251 1061 275 non
1092 241 1134 276 in
1164 239 1271 276 diem
1303 245 1374 277 aut

187 324 362 361 interdiu
374 337 573 368 somnum,
587 323 769 361 aedificia
783 324 940 362 modice
954 324 1004 361 ab
1019 323 1141 362 humo
1156 327 1374 369 exstantia,

187 423 387 446 annonam
406 423 628 460 numquam
646 412 799 460 augeri,
818 423 896 447 non
915 409 1001 446 fora
1019 409 1162 448 litesve
1181 423 1281 455 esse,
1298 410 1372 448 coli

189 495 418 540 Herculem,
434 495 528 546 eligi
543 508 682 546 regem
697 509 720 532 a
735 495 883 545 populo
897 501 1062 533 senecta
1076 496 1374 547 clementiaque

187 582 330 618 liberos
354 594 435 618 non
458 580 693 625 habentem,
718 587 759 618 et
783 584 814 618 si
839 587 981 631 postea
1004 584 1161 632 gignat,
1184 581 1374 626 abdicari,

188 680 238 704 ne
267 667 337 704 fiat
363 666 651 704 hereditarium
678 680 860 718 regnum.
915 673 1088 705 rectores
1116 670 1151 705 ei
1178 680 1201 704 a
1226 668 1374 718 populo

186 765 260 790 xxx
271 753 371 797 dari,
383 766 456 790 nec
472 756 544 790 nisi
560 753 733 803 plurium
749 756 953 790 sententia
970 766 1214 804 quemquam
1229 756 1372 804 capitis

185 839 390 882 damnari;
421 842 476 876 sic
495 852 654 890 quoque
673 839 989 889 appellationem
1009 852 1094 877 esse
1113 839 1164 877 ad
1182 839 1372 889 populum

186 931 227 962 et
264 928 525 976 septuaginta
562 925 712 962 iudices
748 925 857 969 dari3
906 927 938 962 si
976 925 1146 963 liberent
1182 927 1209 962 ii
1246 938 1372 970 reum,

186 1011 354 1061 amplius
379 1024 451 1048 xxx
474 1014 519 1048 iis
544 1011 694 1048 nullam
719 1024 806 1048 esse
828 1011 1118 1062 dignationem,
1140 1014 1372 1062 gravissimo

187 1097 341 1147 probro.
396 1100 481 1148 regi
504 1097 657 1134 cultum
684 1097 816 1134 Liberi
844 1096 985 1140 Patris,
1009 1100 1153 1134 ceteris
1178 1098 1371 1136 Arabum.

186 1197 337 1234 regem,
381 1186 414 1221 si
459 1183 554 1234 quid
599 1183 824 1234 delinquat,
870 1189 998 1220 morte
1044 1183 1219 1228 multari,
1265 1183 1372 1221 nullo

185 1271 457 1313 interimente,
473 1269 749 1306 aversantibus
765 1272 918 1306 cunctis
935 1274 976 1306 et
993 1271 1233 1306 commercia
1249 1272 1370 1307 etiam

184 1358 375 1393 sermonis
392 1355 647 1406 negantibus.
668 1355 772 1392 festa
790 1358 1004 1392 venatione
1022 1355 1175 1392 absumi
1190 1368 1198 1391 :
1229 1358 1371 1405 gratis-

182 1444 324 1478 simam
353 1455 442 1479 eam
471 1441 640 1492 tigribus
669 1440 976 1491 elephantisque
1004 1447 1199 1478 constare.
1255 1455 1370 1492 agros

183 1527 399 1578 diligenter
419 1527 508 1570 coli,
534 1530 620 1564 vitis
642 1541 756 1564 usum
779 1540 857 1564 non
879 1540 979 1571 esse,
1001 1529 1127 1577 pomis
1149 1527 1368 1566 abundare.

184 1626 271 1651 esse
296 1620 338 1651 et
364 1616 403 1650 in
430 1616 585 1663 piscatu
611 1613 876 1662 voluptatem,
901 1613 1152 1651 testudinum
1183 1616 1371 1659 maxime,

184 1712 351 1750 quarum
398 1699 606 1749 superficie
652 1698 825 1736 familias
871 1698 1141 1736 habitantium
1187 1702 1370 1751 contegi:

182 1789 299 1822 tanta
317 1788 478 1835 reperiri
495 1785 787 1836 magnitudine.
843 1787 967 1821 vitam
983 1783 1188 1822 hominum
1204 1791 1369 1823 centum

181 1875 294 1909 annis
315 1871 524 1909 modicam.

523 2000 537 2015 ⁰
562 1997 588 2028 A
605 1997 683 2039 long
697 1997 778 2029 robe
793 1997 875 2028 with
889 2008 909 2028 a
923 1997 1014 2029 train

182 2068 255 2113 406
