1515 2351
117 337 183 369 202

120 955 182 986 203

120 1388 184 1419 204

410 167 577 205 PLINY
591 182 600 204 ι
652 168 917 206 NATURAL
952 169 1191 208 HISTORY

205 271 346 308 tubam
393 270 578 307 Pisaeum
624 270 808 321 Tyrreni,
851 270 1078 309 testudines
1124 273 1387 311 Artemonem

207 333 521 376 Clazomenium,
554 345 698 382 equom
738 334 821 383 (qui
860 346 965 370 nunc
1002 336 1105 371 aries
1144 333 1387 386 appellatur)

204 397 244 431 in
265 394 482 431 muralibus
505 393 695 430 machinis
717 394 863 444 Epium
885 394 937 432 ad
956 395 1138 439 Troiam3
1174 409 1277 446 equo
1298 396 1386 434 vehi

204 454 573 505 Bellorophontem,
612 455 746 492 frenos
789 461 831 493 et
871 462 999 493 strata
1041 470 1235 507 equorum
1276 457 1389 496 Pele—

203 517 422 561 thronium,
448 530 628 567 pugnare
657 530 707 554 ex
735 531 838 567 equo
865 517 1076 555 Thessalos
1103 522 1170 568 qui
1197 518 1386 557 Centauri

204 579 397 629 appellati
416 585 510 616 sunt
529 578 760 616 habitantes
779 579 1000 616 secundum
1020 579 1175 617 Pelium
1194 586 1386 618 montem.

204 641 316 691 bigas
338 643 467 690 prima
489 643 619 678 iunxit
642 640 847 690 Phrygum
869 644 994 685 natio,
1016 641 1230 692 quadrigas
1252 641 1390 680 Erich-

205 701 378 740 thonius.
431 702 613 739 ordinem
654 705 870 746 exercitus,
908 705 1011 753 signi
1050 703 1270 748 dationem,
1308 710 1389 741 tes-

204 777 327 808 seras,
373 764 525 814 vigilias
573 763 808 801 Palamedes
854 767 1006 802 invenit
1051 764 1222 802 Troiano
1267 765 1389 811 bello,

204 826 455 876 specularum
490 825 824 877 significationem
860 825 1003 863 eodem
1039 825 1175 871 Sinon,
1210 826 1387 864 inducias

206 887 382 939 Lycaon,
401 887 567 925 foedera
584 886 774 925 Theseus.

258 951 440 1001 Auguria
473 963 523 987 ex
558 950 695 987 avibus
730 949 807 987 Car
841 963 865 986 a
899 963 977 1000 quo
1012 949 1129 987 Caria
1162 950 1389 1001 appellata3

205 1012 351 1049 adiecit
389 1025 439 1049 ex
474 1014 621 1049 ceteris
657 1011 893 1049 animalibus
931 1010 1131 1062 Orpheus,
1167 1011 1389 1062 haruspicia

206 1073 403 1124 DelphuS‚
442 1077 649 1124 ignispicia
687 1073 969 1123 Amphiaraus,
1009 1077 1218 1124 extispicia
1256 1077 1387 1112 aw'um

204 1136 373 1173 Tiresias
427 1135 656 1180 Thebanus,
708 1138 1086 1185 interpretationem
1139 1141 1389 1174 ostentorum

205 1204 247 1235 et
299 1200 543 1235 somniorum
597 1197 884 1248 Amphictyon,
937 1196 1192 1248 astrologiam
1246 1197 1388 1235 Atlans

208 1259 359 1310 Libyae
375 1259 490 1303 filius,
504 1265 548 1296 ut
561 1259 626 1296 alii
641 1260 849 1309 Aegyptii,
861 1265 905 1296 ut
919 1258 984 1295 alii
998 1259 1166 1309 Assyrii,
1177 1258 1389 1309 sphaeram

205 1325 245 1358 in
283 1335 331 1359 ea
371 1321 552 1358 Milesius
591 1320 908 1364 Anaximander,
945 1327 1156 1358 ventorum
1193 1324 1389 1359 rationem

208 1382 356 1420 Aeolus
385 1383 564 1420 Hellenis
592 1383 716 1426 filius3
755 1385 947 1419 musicam
973 1382 1190 1432 Amphion,
1217 1382 1389 1420 fistulam

206 1452 248 1482 et
273 1444 504 1482 monaulum
531 1443 616 1481 Pan
644 1445 836 1488 Mercuri,
859 1444 1063 1494 obliquam
1088 1444 1229 1481 tibiam
1257 1444 1389 1482 Midas

206 1510 246 1543 in
269 1506 456 1557 Phrygia,
476 1509 656 1557 geminas
677 1506 796 1542 tibias
820 1506 1003 1555 Marsyas
1025 1509 1066 1542 in
1087 1505 1229 1543 eadem
1250 1511 1389 1555 gente,

208 1568 355 1618 Lydios
380 1567 561 1605 modulos
586 1566 804 1618 Amphion,
831 1567 974 1604 Dorios
998 1565 1217 1617 Thamyras
1242 1565 1390 1613 Thrax,

207 1629 400 1680 Phrygios
426 1630 609 1680 Marsyas
632 1627 782 1680 Phryx,
802 1628 996 1666 citharam
1020 1628 1236 1679 Amphion,
1257 1635 1302 1666 ut
1323 1628 1387 1667 alii

207 1691 406 1742 Orpheus,
446 1696 490 1728 ut
529 1690 596 1728 alii
636 1690 770 1728 Linus.
825 1696 982 1740 septem
1021 1689 1177 1728 chordis
1215 1693 1388 1740 primum

205 1756 348 1791 cecinit
389 1765 434 1789 111
473 1752 525 1790 ad
563 1765 602 1790 xv
639 1756 786 1802 primas
825 1752 971 1789 additis
1008 1751 1255 1802 Terpander,
1282 1758 1390 1790 octa-

207 1829 294 1852 vam
322 1814 544 1852 Simonides
570 1814 739 1858 addidit,
764 1827 911 1851 nonam
936 1813 1182 1851 Timotheus.
1236 1813 1389 1851 cithara

205 1881 291 1914 sine
338 1890 433 1914 voce
477 1878 623 1914 cecinit
667 1875 877 1926 Thamyris
922 1878 1088 1925 primus,
1131 1888 1223 1912 cum
1267 1881 1389 1912 cantu

207 1937 424 1988 Amphion,
450 1943 495 1975 ut
521 1937 587 1974 alii
615 1937 748 1974 Linus.
803 1936 1072 1974 citharoedica
1096 1939 1272 1973 carmina
1297 1949 1389 1973 con-

206 2003 338 2049 posuit
367 1998 613 2049 Terpander.
666 2012 757 2036 eum
786 1998 894 2036 tibiis
923 2011 1068 2035 canere
1098 2010 1192 2035 voce
1221 1997 1388 2036 Troeze-

205 2089 274 2132 642
