1515 2351
184 819 197 849 l

179 1586 197 1615 ῐὺ

205 549 441 598 PLINII
504 547 717 598 NATU
732 548 949 598 RALIS
1008 546 1382 598 HISTORIA

625 706 827 751 LIBER
880 705 951 751 III

281 812 311 849 I.
343 813 553 850 Hac-rmus
592 813 642 850 de
680 816 759 850 situ
799 819 842 850 et
886 812 1082 849 miraculis
1124 818 1256 850 terrae
1295 826 1415 863 aqua-

232 896 399 932 rumque
435 890 476 920 et
510 883 685 919 siderum
721 896 765 919 ac
800 885 955 920 ratione
992 885 1262 920 universitatis
1292 889 1415 933 atque

231 966 430 989 mensura.

283 1022 396 1058 Nunc
417 1021 467 1059 de
489 1023 684 1072 partibus,
706 1036 950 1072 quamquam
971 1022 1171 1059 infinitum
1193 1022 1233 1059 id
1255 1035 1416 1073 quoque

229 1094 483 1128 existimatur
518 1106 590 1129 nec
626 1099 780 1129 temere
815 1094 901 1129 sine
937 1092 1070 1141 aliqua
1104 1091 1415 1142 reprehensione

228 1167 462 1206 tractatum,
479 1161 575 1198 haut
595 1161 672 1198 ullo
688 1164 728 1197 in
744 1175 895 1212 genere
917 1165 1032 1198 venia
1053 1164 1232 1206 iustiore,
1247 1164 1279 1199 si
1296 1161 1416 1198 modo

229 1233 392 1268 minime
429 1234 572 1268 mirum
609 1237 671 1268 est
706 1231 909 1268 hominem
945 1235 1129 1282 genitum
1167 1245 1245 1268 non
1281 1234 1416 1268 omnia

231 1299 405 1337 humana
446 1305 612 1338 novisse.
676 1307 923 1352 quapropter
962 1308 1168 1339 auctorem
1192 1304 1412 1355 'neminem

232 1384 352 1407 unum
374 1385 532 1421 sequar,
549 1371 620 1408 sed
642 1378 686 1408 ut
707 1384 909 1421 quemque
928 1374 1177 1408 verissimum
1195 1374 1234 1408 in
1254 1385 1413 1422 quaque

226 1448 340 1491 parte
366 1442 601 1485 arbitrabor,
626 1444 814 1491 quoniam
839 1455 1052 1478 commune
1078 1441 1204 1478 ferme
1229 1442 1413 1478 omnibus

229 1510 302 1547 fuit
339 1517 381 1547 ut
415 1525 481 1548 eos
515 1514 682 1561 quisque
716 1511 1021 1561 diligentissime
1054 1514 1153 1548 situs
1186 1511 1341 1548 diceret
1374 1514 1412 1548 in

226 1582 368 1630 quibus
404 1584 486 1631 ipse
522 1581 749 1631 prodebat.¹
804 1581 895 1618 ideo
932 1594 1004 1618 nec
1038 1581 1208 1631 culpabo
1243 1587 1313 1618 aut
1347 1594 1410 1618 co-

229 1664 392 1700 arguam
445 1664 701 1701 quemquam.
767 1650 943 1687 locorum
996 1650 1102 1687 nuda
1154 1653 1315 1687 nomina
1370 1657 1412 1688 et

226 1727 377 1769 quanta
390 1721 551 1758 dabitur
564 1722 763 1758 brevitate
777 1727 991 1771 ponentur,
1003 1721 1186 1757 clai-itate
1199 1723 1409 1771 causisque

228 1790 360 1827 dilatis
376 1793 415 1827 in
436 1804 526 1827 suas
542 1797 700 1841 partes;
731 1804 835 1828 nunc
852 1790 867 1813 2
883 1793 990 1826 enim
1006 1804 1137 1826 sermo
1153 1789 1204 1827 de
1228 1796 1315 1827 toto
1337 1796 1411 1827 est.

229 1873 350 1910 quare
376 1863 431 1897 sic
457 1863 581 1911 accipi
608 1861 726 1898 velim
752 1866 796 1897 ut
821 1863 852 1897 si
879 1860 997 1896 vidua
1022 1859 1129 1896 fama
1153 1873 1224 1896 sua
1250 1862 1410 1896 nomina

228 1930 360 1980 qualia
388 1930 499 1967 fuere
524 1930 741 1981 primordio
765 1937 860 1966 ante
887 1929 983 1966 ullas
1011 1943 1072 1966 res
1098 1935 1234 1980 gestas
1262 1942 1409 1966 nuncu·

455 2009 466 2027 ¹
486 2006 537 2040 VJ.
553 2008 723 2049 prodibat.
1019 2007 1032 2026 ¹
1051 2005 1102 2038 VJ.
1119 2016 1189 2038 nec.

232 2063 251 2089 2
