1515 2351
121 276 179 306 158

121 890 182 921 159

125 1694 184 1724 160

403 164 532 203 PLIN
535 166 571 203 Y
584 178 594 203 t
646 165 911 203 NATURAL
947 165 1184 204 HISTORY

249 270 301 306 Et
321 282 371 306 ex
390 268 548 306 feminis
574 268 685 305 Livia
708 268 832 305 Rutili
851 281 1033 306 Lxxxxvn
1053 282 1176 307 annos
1198 272 1384 317 excessit,

201 331 360 368 Statilia
392 330 560 367 Claudio
593 332 773 380 principe
812 343 861 367 ex
899 330 1022 367 nobili
1054 331 1173 368 domo
1205 344 1384 378 Lxxxxm,

201 393 391 429 Terentia
442 391 644 428 Ciceronis
696 403 781 435 cm,
828 390 968 428 Clodia
1015 391 1108 429 Ofili
1155 405 1240 437 cxv,
1285 391 1385 432 haec

203 453 365 504 quidem
394 455 517 490 ctiam
548 456 666 490 enixa
689 452 958 503 quindeciens.
1016 452 1186 491 Lucceia
1213 457 1337 492 mima
1365 468 1386 492 c

203 519 314 552 annis
334 518 374 551 in
393 527 537 552 scaena
555 517 841 565 pronuntiavit.
886 514 1048 552 Galeria
1067 514 1231 565 Copiola
1251 517 1386 554 embo-

203 578 312 614 liaria
328 576 495 614 reducta
515 582 577 614 est
595 579 636 612 in
654 589 840 613 scaenam
861 576 904 613 C.
927 576 1115 626 Poppaeo
1139 577 1187 624 Q.
1213 577 1386 627 Sulpicio

202 652 300 676 coss.
323 638 422 675 ludis
443 651 516 687 pro
536 638 666 675 salute
693 637 771 674 divi
792 637 965 687 Augusti
981 641 1120 675 votivis
1147 652 1297 676 annum
1323 652 1386 677 cxv

203 712 348 751 agens;
396 700 592 749 producta
626 699 760 736 fuerat
793 702 976 736 tirocinio
1011 712 1034 736 a
1072 700 1129 737 M.
1168 700 1386 751 Pomponio

203 762 332 799 aedile
356 761 483 811 plebis
508 761 551 798 C.
577 761 707 797 Mario
728 760 798 798 Cn.
821 760 1004 798 Carbone
1023 775 1121 798 coss.
1143 767 1238 800 ante
1263 775 1386 800 annos

204 836 280 868 xm,
308 837 331 860 a
370 824 522 873 Magno
558 822 748 872 Pompeio
782 825 915 873 magni
949 822 1099 860 theatri
1133 823 1386 862 dedicatione

206 899 302 922 anus
332 899 405 935 pro
434 884 624 921 miraculo
649 884 826 921 reducta.
881 883 1127 922 Sammulam
1156 899 1316 936 quoque
1341 898 1387 923 cx

203 950 315 984 annis
336 950 479 983 vixisse
506 952 646 983 auctor
673 952 734 983 est
763 945 959 983 Pedianus
988 947 1193 984 Asconius.
1251 947 1386 985 Minus

204 1012 325 1046 miror
359 1007 687 1058 Stephanionem,
723 1011 789 1057 qui
825 1011 976 1057 primns
1011 1009 1205 1059 togatusl
1239 1009 1387 1047 saltare

204 1073 392 1114 instituit,
429 1072 608 1120 utrisque
645 1069 913 1106 saecularibus
951 1069 1052 1106 ludis
1088 1070 1309 1115 saltavisse,
1345 1077 1388 1109 et

203 1132 282 1169 dim·
307 1133 480 1182 Augusti
506 1137 548 1168 et
573 1144 670 1182 quos
696 1130 886 1167 Claudius
912 1130 1060 1168 Caesar
1083 1132 1292 1169 consulatu
1316 1146 1388 1170 suo

205 1200 348 1244 quarto
378 1193 489 1237 fecit,
519 1193 678 1244 quando
709 1205 802 1230 Lxm
839 1206 918 1229 non
947 1193 1115 1243 amplius
1146 1197 1236 1230 anni
1268 1197 1390 1232 inter-

204 1255 332 1300 fuere,
369 1269 612 1306 quamquam
651 1261 692 1292 ct
730 1261 872 1305 postea
909 1255 978 1292 diu
1016 1258 1127 1293 vixit.
1185 1259 1223 1293 in
1260 1256 1388 1294 Tmoli

208 1318 359 1355 Montis
389 1318 605 1355 Cacumine
636 1317 742 1367 quod
771 1323 914 1354 vocant
949 1317 1138 1367 Tempsin
1174 1317 1242 1355 CL
1276 1321 1388 1355 annis

205 1383 336 1417 vivere
384 1380 594 1416 Mucianus
640 1385 779 1415 auctor
825 1385 902 1423 est,
946 1379 1117 1416 totidem
1163 1380 1390 1417 annorum²

204 1455 366 1478 censum
389 1440 529 1477 Claudi
553 1440 732 1477 Caesaris
755 1453 923 1477 censura
944 1440 988 1477 T.
1015 1441 1240 1478 Fullonium
1262 1441 1390 1479 Bono-

205 1506 398 1547 niensem,
421 1502 541 1553 idque
563 1502 717 1539 collatis
740 1502 922 1539 censibus
947 1515 1044 1552 quos
1069 1508 1164 1540 ante
1187 1503 1390 1541 detulerat

206 1568 391 1615 vitaeque
446 1566 897 1615 argumentis-etenim
953 1577 1071 1601 curae
1127 1567 1293 1615 principi
1349 1563 1390 1602 id

205 1633 482 1663 crat—verum
501 1628 697 1676 apparuit.

260 1688 406 1725 XLIX.
440 1688 606 1725 Poscere
619 1687 777 1724 videtur
789 1687 896 1725 locus
911 1691 994 1737 ipse
1006 1688 1186 1725 sideralis
1199 1691 1390 1726 scientiae

203 1754 459 1787 sententiani.
527 1750 727 1798 Epigenes
766 1762 844 1786 cxii
884 1763 1008 1786 annos
1046 1750 1189 1799 inpleri
1228 1753 1390 1801 negavit

532 1830 543 1848 ¹
568 1834 705 1869 togatas
720 1829 892 1860 Sabellum.

527 1873 540 1892 ²
567 1873 792 1913 Mayhoff(cf.
815 1874 911 1912 lssl):
941 1883 1061 1904 annos.

279 1991 293 2004 ⁶
317 1986 364 2016 Or
380 1985 529 2025 possibly
548 1990 555 2000 ⁴
567 1984 633 2015 had
651 1995 671 2015 a
687 1988 911 2025 stage-career
927 1985 966 2016 of
977 1995 998 2015 a
1014 1984 1167 2017 hundred
1184 1985 1307 2026 years!

456 2026 468 2046 ⁶
492 2037 563 2058 ΔΑ).
582 2031 611 2059 ὅ.
937 2032 949 2046 ⁶
971 2028 1013 2059 82
1030 2037 1095 2060 κιο.

208 2091 277 2127 612
