1515 2351
405 134 572 174 PLINY
587 147 595 171 :
648 133 913 171 NATURAL
950 132 1188 171 HISTORY

203 238 394 276 Indorum
433 238 638 275 montibus
676 236 1026 287 (Catarcludorum
1064 235 1212 273 dicitur
1247 236 1391 287 regio),

202 299 519 347 pernicissimum
553 295 716 340 animal,
746 298 826 332 iam
857 294 1141 346 quadripedes,
1169 297 1250 331 iam
1278 300 1390 332 recte

201 362 408 393 currentes
437 354 614 392 humana
642 355 796 405 effigie3
835 359 1000 404 propter
1028 353 1286 391 velocitatem
1315 355 1390 390 nisi

202 427 318 452 senes
358 419 428 451 aut
469 416 578 463 aegri
618 427 698 450 non
740 415 964 463 capiuntur.
1020 411 1391 450 Choromandarum

202 478 368 524 gentem
393 478 507 509 vocat
529 472 688 509 Tauron
711 471 948 516 silvestrem,
971 473 1056 508 sine
1079 483 1190 516 voce,
1212 470 1391 508 stridoris

202 531 404 576 horrendi,
433 530 548 568 hirtis
579 531 822 581 corporibus,
853 530 975 567 oculis
1006 529 1172 580 glaucis,
1202 529 1391 567 dentibus

201 592 364 628 caninis.
420 589 612 627 Eudoxus
632 592 672 626 in
692 589 922 626 meridianis
950 588 1089 626 Indiae
1118 590 1207 625 viris
1233 587 1391 639 plantas

203 662 290 686 esse
315 648 526 692 cubitales,
551 648 709 686 feminis
735 647 836 685 adeo
861 661 1002 698 parvas
1028 653 1073 684 ut
1098 646 1391 698 Struthopodes

136 715 165 742 ·.'·
201 707 468 758 appellentur.
527 707 818 758 Megasthenes
847 712 1014 757 gentem
1049 709 1154 743 inter
1191 705 1392 744 Nomadas

203 767 324 804 Indos
374 769 530 803 narium
580 766 665 803 loco
715 765 911 802 foramina
960 771 1121 802 tantum
1170 763 1391 802 habentem

203 828 395 876 anguium
429 825 562 869 modo,
594 825 829 875 loripedem,
864 826 994 860 vocari
1028 823 1203 860 Seiritas.
1239 823 1291 861 ad
1325 836 1393 861 ex-

203 890 352 921 tremos
383 884 481 921 fines
513 884 652 921 Indiae
682 884 734 920 ab
763 885 918 920 oriente
939 885 1044 919 eirca
1064 881 1219 919 fontem
1241 882 1392 933 Gangis

203 944 462 980 Astomorum
493 948 660 994 gentem
690 944 775 979 sine
806 955 888 986 ore,
918 954 1081 991 corpore
1113 946 1201 978 toto
1230 939 1393 985 hirtam,

203 1004 339 1038 vestiri
359 1001 558 1038 frondium
578 1001 783 1052 lanugine,
801 999 930 1038 halitu
948 1005 1109 1037 tantum
1129 1002 1332 1037 viventem
1351 1005 1392 1037 et

204 1060 325 1098 odore
364 1074 484 1111 quem
523 1061 683 1097 naribus
720 1059 908 1103 trahant3
959 1058 1111 1096 nullum
1150 1058 1223 1096 illis
1259 1059 1392 1096 cibum

204 1119 436 1170 nullumque
460 1125 615 1170 potum,
637 1119 816 1156 radicum
838 1123 999 1156 tantum
1021 1117 1243 1168 florumque
1266 1119 1392 1155 varios

203 1179 345 1216 odores
370 1184 412 1216 et
437 1178 678 1215 silvestrium
703 1177 913 1222 malorum,
938 1190 1041 1228 quae
1067 1190 1203 1214 secum
1228 1181 1393 1227 portant

204 1237 380 1289 longiore
415 1240 558 1274 itinere
593 1250 644 1274 ne
678 1236 784 1274 desit
817 1236 1011 1279 olfactum
1058 1238 1239 1286 graviore
1273 1235 1392 1286 paulo

137 1304 153 1316 ·‘
202 1296 322 1334 odore
341 1296 440 1334 haut
457 1295 670 1333 difficulter
687 1297 921 1333 exanimari.
976 1294 1104 1345 Super
1121 1293 1192 1332 hos
1210 1299 1393 1332 extrema

202 1358 243 1392 in
278 1361 394 1406 parte
432 1358 630 1392 montium
665 1353 954 1405 Trispithamil
992 1352 1267 1405 Pygmaeique
1303 1366 1392 1390 nar-

204 1421 356 1459 rantur,
380 1420 515 1451 ternas
539 1413 760 1464 spithamas
784 1412 1050 1463 longitudine,
1074 1412 1148 1449 hoc
1171 1418 1234 1450 est
1256 1417 1393 1449 ternos

203 1473 435 1518 dodrantes,
461 1486 541 1510 non
567 1472 816 1516 excedentis,
842 1471 989 1508 salubri
1015 1471 1126 1508 caelo
1152 1483 1392 1522 semperque

204 1538 396 1569 vernante
431 1532 634 1569 montibus
668 1532 719 1568 ab
753 1531 938 1582 aquilone
972 1532 1188 1581 oppositis;
1236 1543 1335 1580 quos
1369 1542 1393 1566 a

203 1592 367 1641 gruibus
399 1590 580 1629 infestari
615 1590 814 1627 Homerus
847 1602 1007 1640 quoque
1040 1588 1228 1640 prodidit.
1285 1587 1393 1625 fama

204 1656 266 1687 est
292 1650 514 1687 insidentes
542 1652 715 1687 arietum
742 1661 1033 1699 caprarumque
1062 1647 1187 1685 dorsis
1215 1652 1391 1684 armatos

203 1711 361 1760 sagittis
402 1711 502 1746 veris
544 1715 726 1759 tempore
767 1710 950 1745 universo
990 1709 1150 1758 agmine
1190 1705 1242 1743 ad
1280 1719 1391 1744 mare

203 1767 448 1806 descendere
491 1774 532 1805 et
574 1781 648 1805 ova
688 1767 896 1818 pullosque
939 1779 1077 1803 earum
1120 1764 1262 1802 alitum
1301 1777 1393 1802 con—

254 1860 266 1879 ¹
291 1859 470 1892 Hardouin
482 1860 550 1900 (tle.
562 1860 732 1890 montium
747 1867 789 1889 m
802 1857 1001 1898 spithami):
1027 1857 1198 1889 montium
1215 1856 1392 1898 spithami.

679 2007 694 2022 ⁰
717 2001 819 2038 Iliad,
834 2000 949 2034 111.6.

204 2077 276 2116 522
