1515 2351
421 116 587 154 PLINY
601 130 612 155 ι
663 116 929 155 NATURAL
965 117 1202 156 HISTORY

218 219 403 271 Polybius
437 222 587 265 scribit,
622 228 693 266 ἵει-ι,
728 220 811 258 lata
846 227 905 259 ffi.
961 222 1076 259 abest
1109 235 1133 259 a
1165 225 1397 261 continente

216 288 395 335 proxima
427 291 542 336 parte
576 288 705 322 minus
737 285 862 336 pedes
896 298 980 330 nce,
1013 285 1165 336 reliqua
1197 286 1284 337 plus
1317 293 1397 332 ῆῑς

215 351 334 399 ipsius
386 352 560 400 spatium
612 355 660 388 ἦ
712 355 785 387 est.
840 349 964 386 habet
1014 350 1204 401 oppidum
1254 354 1396 388 civium

218 412 489 451 Romanorum
523 416 590 464 qui
623 413 875 465 appellantur
908 415 1135 464 Augustani
1167 416 1264 452 urbe
1299 415 1398 453 Iulia

137 482 196 513 120
216 477 430 515 Gaditana.
498 479 547 516 ab
589 492 637 516 eo
676 478 803 516 latere
845 491 923 529 quo
965 478 1199 529 Hispaniam
1239 486 1397 530 spectat

131 1387 185 1416 121

210 543 389 592 passibus
417 542 503 580 fere
531 555 552 579 c
580 542 708 580 altera
737 541 865 579 insula
894 548 955 579 cst
983 555 1013 579 Μ
1041 542 1160 594 longa
1187 557 1338 594 passus,
1366 556 1396 581 M

213 606 307 651 lata,
339 609 378 643 in
411 621 490 657 qua
520 609 627 658 prius
659 607 849 657 oppidum
883 607 1056 644 Gadium
1089 607 1188 652 fuit3
1235 613 1398 646 vocatur

212 671 262 708 ab
286 671 445 722 Ephoro
465 677 507 709 et
531 670 737 708 Philistide
762 671 954 722 Erythea,
974 684 997 708 a
1016 671 1180 708 Timaeo
1201 677 1243 709 et
1265 671 1397 710 Sileno

212 735 482 786 Aphrodisias,
525 736 576 773 ab
619 736 816 787 indigenis
860 735 1034 772 Iunonis.
1102 738 1292 773 maiorem
1333 736 1396 774 Ti-

211 813 347 838 maeus
388 799 634 838 Potimusam
674 814 696 837 a
734 802 868 850 puteis
908 803 1125 837 vocitatam
1165 803 1234 845 ait,
1274 804 1395 838 nostri

210 864 404 902 Tarteson
436 864 654 916 appellant,
686 863 808 901 Poeni
841 864 969 901 Gadir
997 867 1055 902 ita
1085 863 1233 902 Punica
1262 865 1397 917 lingua

210 942 373 980 saepem
409 930 683 981 significante;
735 928 914 980 Erythea
951 929 1062 966 dicta
1098 935 1173 974 est,
1209 932 1395 980 quoniam

209 994 303 1045 Tyri
336 994 562 1045 aborigines
595 1008 732 1031 eorum
765 996 841 1030 orti
874 994 925 1030 ab
958 993 1132 1044 Erythro
1164 996 1263 1031 mari
1294 993 1395 1032 fere-

211 1059 368 1096 bantur.
423 1061 463 1096 in
500 1058 573 1096 hac
612 1058 820 1110 Geryones
857 1057 1059 1095 habitasse
1097 1071 1121 1095 a
1158 1059 1394 1109 quibusdam

210 1126 492 1161 existimantur
513 1137 682 1174 quorum
697 1123 712 1146 1
735 1129 920 1160 armenta
943 1122 1136 1160 Hercules
1159 1123 1395 1168 abduxerit3

209 1194 302 1226 sunt
344 1191 410 1239 qui
454 1188 572 1225 aliam
615 1201 702 1225 esse
746 1201 835 1224 eam
879 1193 921 1224 et
963 1193 1102 1224 contra
1146 1187 1394 1225 Lusitaniam

209 1253 465 1297 arbitrentur,
530 1252 754 1303 eodemque
819 1254 980 1288 nomine
1045 1251 1279 1302 quondam²
1340 1253 1392 1289 ibi

210 1316 488 1368 appellatam.³

261 1381 417 1419 XXIII.
448 1380 616 1419 Peracto
652 1382 806 1418 ambitu
843 1381 1027 1431 Europae
1064 1380 1270 1418 reddenda
1303 1394 1393 1419 con—

208 1449 422 1483 summatio
450 1453 525 1491 est,
553 1460 603 1483 ne
633 1446 727 1496 quid
757 1459 835 1482 non
863 1448 901 1482 in
931 1445 1124 1495 expedito
1151 1448 1203 1483 sit
1230 1459 1392 1484 noscere

209 1510 444 1548 volentibus.
499 1510 792 1561 longitudinem
833 1512 917 1547 eius
955 1509 1232 1547 Artemidorus
1271 1516 1392 1561 atque

209 1575 381 1612 Isidorus
410 1588 434 1612 a
463 1575 587 1612 Tanai
632 1575 767 1611 Gades
801 1579 954 1626 lnxxvnfl
1003 1579 1071 1612 xW
1114 1574 1390 1624 prodiderunt.

210 1638 395 1691 Polybius
420 1639 677 1677 latitudinem
701 1639 886 1689 Europae
910 1639 960 1676 ab
986 1638 1103 1676 Italia
1125 1638 1175 1676 ad
1198 1652 1390 1676 oceanum

208 1706 365 1755 scripsit
387 1710 477 1756 Ιῑηῑ,
494 1717 594 1747 esse,
611 1706 735 1741 etiam
750 1710 835 1740 tum
852 1706 1086 1753 inconperta
1101 1703 1390 1753 magnitudine.

129 1773 190 1804 122
211 1775 272 1806 est
294 1774 432 1806 autem
455 1770 576 1819 ipsius
602 1767 756 1813 Italiae,
776 1773 821 1805 ut
840 1767 1026 1812 diximus,
1049 1770 1093 1818 Ιῑη
1117 1773 1165 1805 56(
1185 1767 1236 1805 ad
1256 1767 1392 1819 Alpes,

588 1881 597 1901 ¹
630 1881 690 1913 121.
708 1881 925 1913 existimatur
942 1882 1047 1913 cuius.

585 1924 597 1942 ²
623 1925 704 1956 lz'dd.
729 1925 917 1966 quandam.

583 1967 595 1986 ⁸
622 1966 819 1999 Caesarius:
845 1966 1037 2008 appellant.

199 2052 268 2077 212
