1515 2351
381 120 571 158 PLINY:
624 119 888 158 NATURAL
925 118 1162 156 HISTORY

180 225 290 263 fuere
324 223 605 276 Symmaethos
639 230 680 261 et
713 224 888 260 Cranaos
921 223 1090 272 oppida3
1137 235 1240 260 nunc
1273 235 1363 260 eam

179 289 457 327 circumfluunt
478 288 702 326 Maeander
720 294 761 325 et
780 287 957 325 Orsinus.
1013 286 1089 324 fujt
1107 289 1148 323 in
1165 300 1213 324 eo
1230 292 1362 324 tractu

180 361 221 391 et
241 353 587 403 Maeandropolis;
616 358 677 390 est
692 352 888 389 Eumenia
910 351 1055 389 Cludro
1073 350 1224 388 flumini
1243 350 1363 400 adpo-

180 422 270 462 sita,
305 418 479 455 Glaucus
513 419 655 461 amnis,
690 417 829 467 Lysias
862 415 1054 466 oppidum
1087 421 1129 453 et
1163 414 1364 459 Orthosia,

182 481 470 533 Berecynthius
491 488 658 525 tractus,
681 481 804 531 Nysa,
824 480 978 524 Trallis,
999 479 1142 517 eadem
1163 479 1366 516 Euanthia

184 554 225 585 et
266 546 446 584 Seleucia
487 552 528 583 et
568 545 783 582 Antiochia
808 545 928 582 dicta.
983 544 1159 581 adluitur
1198 544 1365 585 Eudone

97 617 155 648 109
176 625 308 655 amne,
335 610 590 661 perfunditur
614 609 844 653 Thebaide;
875 609 1039 659 quidam
1061 609 1114 645 ibi
1141 608 1366 659 Pygmaeos

102 1263 160 1294 110

105 1781 158 1810 111

182 675 383 713 habitasse
453 675 632 712 tradunt.
701 679 912 724 praeterea
979 679 1072 710 sunt
1138 671 1367 723 Thydonos,

183 739 348 791 Pyrrha,
394 740 582 783 Eurome,
629 738 841 781 Heraclea,
898 738 1095 788 Amyzon,
1151 737 1366 775 Alabanda

183 805 306 842 libera
338 817 443 855 quae
472 809 715 841 conventum
749 816 841 840 eum
872 805 1183 852 cognominavit,
1214 801 1367 839 Strato-

184 873 296 906 nicea
313 869 452 912 libera,
470 868 668 919 Hynidos,
685 867 892 911 Ceramus,
909 867 1126 910 Troezene,
1144 865 1366 905 Phorontis.

182 935 479 984 longinquiores
507 933 650 970 eodem
677 932 762 969 foro
789 932 1017 981 disceptant
1046 930 1368 976 Orthronienses,

185 999 422 1043 Alidienses,
444 997 674 1047 Euhippini‚
694 997 895 1047 Xystiani,
911 995 1192 1047 Hydissenses,
1207 996 1369 1046 Apollo-

184 1067 334 1107 niatae,
348 1062 693 1113 Trapezopolitae,
708 1060 1040 1111 Aphrodisienses
1054 1060 1180 1097 liberi.
1208 1067 1370 1110 praeter

184 1128 282 1166 haec
300 1134 393 1164 sunt.
412 1129 614 1170 Coscinus,
633 1126 817 1176 Harpasa
835 1125 1018 1175 adposita
1037 1124 1154 1161 fluvio
1173 1124 1370 1175 HarpasO,

185 1207 264 1244 quo
285 1199 326 1230 et
347 1192 543 1229 Trallicon
563 1205 654 1228 cum
675 1190 751 1228 fuit
771 1190 1023 1227 adluebatur.

235 1257 362 1294 XXX.
396 1256 523 1306 Lydia
561 1262 697 1292 autem
736 1254 896 1305 perfusa
935 1254 1119 1292 flexuosis
1160 1254 1369 1292 Maeandri

185 1325 312 1359 amnis
332 1322 554 1359 recursibus
573 1334 693 1370 super
713 1320 867 1356 Ioniam
887 1319 1080 1369 procedit,
1102 1317 1300 1370 Phrygiae
1319 1319 1370 1356 ab

186 1393 329 1424 exortu
353 1386 444 1423 solis
470 1388 611 1429 vicina,
636 1385 687 1422 ad
711 1387 1029 1434 septentrionem
1059 1383 1231 1433 Mysiae,
1256 1387 1371 1421 meri-

185 1452 304 1489 diana
347 1457 464 1501 parte
508 1450 666 1487 Cariam
710 1449 972 1498 amplectens,
1019 1448 1207 1485 Maeonia
1251 1454 1372 1486 antea

187 1516 402 1566 appellata.
457 1514 684 1552 celebratur
722 1516 898 1550 maxime
937 1512 1126 1549 Sardibus
1167 1515 1205 1548 in
1245 1512 1372 1550 latere

185 1581 313 1617 Tmoli
329 1583 489 1622 montis,
505 1581 571 1629 qui
588 1584 709 1615 antea
724 1578 899 1615 Timolus
916 1577 1210 1627 appellabatur,
1226 1577 1371 1614 vitibus

186 1648 338 1682 consito
357 1644 526 1681 conditis
542 1642 580 1687 1;
614 1656 663 1680 ex
684 1657 762 1693 quo
782 1642 1007 1693 profluente
1029 1641 1192 1678 Pactolo
1213 1641 1372 1679 eodem-

187 1723 266 1761 que
299 1709 541 1759 Chrysorroa
573 1722 617 1744 ac
651 1707 764 1745 fonte
795 1707 928 1751 Tarni,
961 1720 983 1743 a
1019 1706 1201 1743 Maeonis
1234 1708 1372 1744 civitas

183 1778 267 1824 ipsa
288 1773 407 1824 Hyde
428 1776 601 1810 vocitata
622 1779 696 1816 est,
714 1772 822 1808 clara
840 1778 984 1821 stagno
1005 1772 1185 1821 Gygaeo.
1241 1769 1372 1807 Sardi-

241 1918 251 1937 ¹
279 1917 407 1948 vitibus
423 1916 555 1947 consito
580 1915 727 1947 conditis
753 1914 940 1946 Rackham:
967 1913 1125 1945 conditus
1144 1917 1202 1945 aut
1224 1912 1372 1944 conditis

207 1965 267 1991 au!
289 1960 418 1991 vitibus
438 1959 599 1990 consitus.

186 2061 254 2097 30²
