1515 2351
430 125 620 163 PLINY:
672 126 936 164 NATURAL
973 126 1209 165 HISTORY

228 236 269 267 et
307 229 508 267 Moesicae
543 237 701 280 gentes,
737 245 759 267 a
795 231 924 267 fronte
961 233 1179 281 iunguntur
1216 230 1328 268 Medi
1363 244 1407 268 ac

227 294 485 338 Denseletae,
539 296 680 344 quibus
731 294 903 331 Threces
955 295 1005 331 ad
1059 294 1231 332 Pontum
1284 308 1407 345 usque

226 361 488 409 pertinentes
545 361 600 395 ita
616 361 815 396 succincta
833 358 1058 409 Rhodopes,
1075 372 1165 395 mox
1187 365 1229 396 et
1251 359 1407 401 Haemi,

228 422 396 459 vallatur
426 423 646 459 excelsitas.
703 425 741 459 in
766 423 874 473 Epiri
899 437 966 459 ora
989 423 1196 460 castellum
1220 426 1259 459 in
1289 424 1408 460 Acro-

224 489 418 523 cerauniis
466 486 663 531 Chimera,
710 487 783 524 sub
829 500 877 524 eo
923 489 1064 538 Aquae
1112 488 1261 537 Regiae
1307 487 1408 531 fons,

224 551 370 601 oppida
423 550 671 595 Maeandria,
722 551 888 594 Cestria,
939 551 1087 588 flumen
1147 551 1407 602 Thesprotiae

224 615 426 665 Thyamis,
445 615 598 652 colonia
620 615 874 659 Buthrotum,
897 618 1152 666 maximeque
1173 615 1406 653 nobilitatus

225 680 459 716 Ambracius
502 682 622 724 sinus,
668 693 692 716 D
735 693 922 730 passuum
967 679 1144 717 faucibus
1188 682 1406 731 spatiosum

225 758 373 794 aequor
400 746 610 794 accipiens,
636 743 895 795 longitudinis
921 749 1071 790 mn,
1097 744 1318 782 latitudinis
1346 750 1405 783 ff.

224 810 264 845 in
291 822 382 846 eum
409 808 591 845 defertur
618 811 744 845 amnis
772 808 956 846 Acheron
984 822 1005 846 e
1033 809 1119 846 lacu
1146 809 1407 860 Thesprotiae

223 872 442 910 Acherusia
481 872 680 923 profluens
722 879 818 911 {X'fv
860 887 1048 923 passuum
1087 873 1180 910 inde
1220 879 1262 911 et
1301 873 1407 911 mille

223 937 372 987 pedum
408 943 532 987 ponte
569 937 756 974 mirabilis
792 940 925 974 omnia
959 951 1030 974 sua
1065 938 1312 975 mirantibus.
1368 940 1407 974 in

223 1004 310 1039 sinu
329 1002 520 1052 oppidum
541 1002 767 1045 Ambracia,
790 1001 1054 1039 Molossorum
1074 1002 1238 1039 flumina
1256 1001 1407 1053 Aphas,

224 1065 433 1111 Aratthus‚
454 1069 592 1103 civitas
614 1067 867 1111 Anactoriea,
889 1067 994 1104 locus
1017 1065 1249 1104 Pandosiae.

277 1131 540 1175 Acarnaniae,
563 1144 665 1181 quac
689 1137 810 1168 antea
831 1130 988 1168 Curetis
1010 1132 1239 1176 vocabatur,
1261 1130 1408 1182 oppida

225 1195 422 1239 Heraclia,
458 1194 644 1239 Echinus,
679 1202 721 1233 et
755 1198 794 1231 in
828 1209 895 1232 ore
929 1198 1014 1246 ipso
1047 1195 1199 1233 colonia
1234 1197 1404 1245 Augusti

223 1260 384 1296 Actium
428 1273 518 1296 cum
562 1259 714 1310 templo
756 1259 950 1310 Apollinis
993 1259 1114 1297 nobili
1156 1273 1202 1297 ac
1243 1262 1406 1297 civitate

223 1323 346 1361 libera
393 1324 680 1374 Nicopolitana.
751 1337 929 1375 egressos
975 1327 1062 1361 sinu
1108 1325 1322 1362 Ambracio
1367 1326 1406 1361 in

225 1388 380 1425 Ionium
432 1391 580 1438 excipit
633 1388 878 1426 Leucadium
930 1389 1035 1434 litus,
1086 1390 1406 1440 promunturium

225 1452 436 1497 Leucates,
470 1453 563 1490 dein
599 1456 705 1490 sinus
741 1459 783 1490 et
818 1453 1021 1491 Leucadia
1055 1456 1140 1504 ipsa
1174 1453 1406 1504 paeninsula

223 1517 426 1567 quondam
454 1517 602 1554 Neritis
628 1517 844 1568 appellata,
870 1531 991 1568 opere
1011 1518 1234 1555 accolarum
1255 1519 1406 1555 abscisa

221 1584 443 1619 continenti
489 1595 534 1618 ac
579 1582 737 1619 reddita
781 1588 992 1619 ventorum
1037 1581 1134 1619 flatu
1177 1584 1405 1633 congeriem

223 1644 396 1683 harenae
417 1646 771 1691 adtumulantium,
793 1649 859 1697 qui
881 1646 987 1683 locus
1008 1652 1172 1683 vocatur
1193 1646 1404 1697 Dioryctos

222 1709 443 1747 stadiorum
461 1710 710 1761 longitudine
730 1713 873 1755 trium3
905 1710 1096 1761 oppidum
1115 1713 1154 1747 in
1172 1723 1220 1747 ea
1239 1709 1405 1756 Leucas,

223 1774 424 1825 quondam
439 1774 624 1811 Neritum
636 1775 802 1811 dictum.
859 1775 1007 1812 deinde
1020 1775 1276 1812 Acarnanum
1289 1775 1404 1812 urbes

424 1908 438 1923 ⁰
460 1904 542 1935 This
558 1915 632 1935 now
648 1905 742 1945 gives
759 1906 801 1935 its
819 1915 917 1936 name
933 1908 970 1936 to
986 1905 1044 1936 the
1060 1914 1174 1946 range.

427 1947 440 1966 ⁶
464 1948 547 1979 Now
566 1947 623 1978 the
639 1948 789 1979 Calama.

429 1994 442 2010 ⁰
465 1991 549 2022 Now
567 2001 610 2021 an
628 1991 749 2028 island,
766 1993 873 2023 &antu
891 1991 1020 2022 Maura.

229 2064 297 2089 120
