1515 2351
429 176 597 214 PLINY
611 190 620 214 :
671 177 936 216 NATURAL
971 178 1210 216 HISTORY

229 279 348 331 Syros
373 286 554 329 repertas
582 280 718 316 volunt
746 292 755 323 ;
781 283 941 330 utrique
959 280 972 303 ¹
1000 283 1042 317 in
1067 280 1277 318 Graeciam
1303 286 1411 319 attu-

227 349 320 386 lisse
350 362 372 386 e
400 348 599 386 Phoenice
629 349 824 386 Cadmum
854 350 1028 388 sedecim
1057 363 1239 395 numero,
1267 350 1408 400 quibus

228 419 398 456 Troiano
438 418 547 455 bello
588 418 832 456 Palameden
873 418 1064 456 adiecisse
1105 425 1296 470 quattuor
1335 418 1409 457 hac

232 488 357 538 figura
372 492 505 526 ΖΨΦΧ
514 517 522 532 ,
536 488 708 525 totidem
728 494 819 537 post
839 501 931 525 eum
950 487 1195 526 Simonidem
1209 489 1410 533 melicum,

231 560 382 601 ΥΞΩΘ,
403 570 572 607 quarum
602 560 779 593 omnium
800 559 856 593 vis
877 560 918 594 in
937 560 1082 594 nostris
1100 560 1409 608 recognoscitur.

231 626 470 663 Aristoteles
497 625 639 663 decem
666 632 707 663 et
733 632 824 663 octo
848 629 997 676 priscas
1022 625 1143 663 fuisse
1169 632 1211 664 et
1235 627 1332 664 duas
1359 626 1409 664 ab

230 694 468 745 Epicharmo
503 694 659 732 additas
698 700 760 732 ΨΖ
800 708 921 744 quam
955 708 978 731 a
1005 694 1220 733 Palamede
1246 695 1409 733 mavolt.

147 769 208 800 193
233 763 455 801 Anticlides
489 766 529 800 in
564 764 753 813 Aegypto
787 766 982 800 invenisse
1017 764 1217 814 quendam
1250 767 1409 802 nomine

232 833 385 870 Menon
404 832 543 876 tradit,
558 834 608 870 {V
626 845 820 869 annorum
841 839 935 869 ante
958 832 1165 870 Phoronea
1187 836 1411 883 antiquissi-

229 915 339 939 mum
364 902 557 939 Graeciae
579 915 732 952 regem,
754 901 874 952 idque
898 905 1165 939 monumentis
1189 902 1410 952 adprobare

228 977 408 1008 conatur.
464 984 485 1008 e
539 970 698 1008 diverso
753 971 954 1021 Epigenes
1010 971 1117 1021 apud
1170 971 1409 1022 Babylonios

232 1055 379 1079 nccxxx
421 1053 615 1077 annorum
657 1040 954 1077 observationes
992 1040 1168 1078 siderum
1204 1041 1409 1079 coctilibus

229 1110 430 1148 laterculis
461 1113 670 1159 inscriptas
701 1109 834 1154 docet,
862 1113 993 1160 gravis
1024 1115 1163 1147 auctor
1191 1112 1232 1146 in
1259 1112 1411 1160 primis,

231 1183 297 1231 qui
334 1182 556 1222 minimum,
593 1179 763 1216 Berosus
802 1184 843 1215 ct
880 1178 1148 1223 Critodemus,
1185 1184 1323 1218 ’effic
1359 1192 1409 1217 ex

231 1262 309 1300 quo
338 1254 506 1299 apparet
538 1254 726 1285 aeternus
757 1248 983 1285 litterarum
1014 1261 1120 1285 usus.
1174 1251 1214 1285 in
1246 1248 1408 1286 Latium

231 1332 296 1356 eas
315 1318 539 1356 attulerunt
557 1317 727 1367 Pelasgi.

146 1394 209 1425 194
284 1388 510 1425 Laterarias
533 1400 578 1424 ac
601 1387 738 1424 domos
760 1389 1055 1424 constituerunt
1075 1389 1192 1437 primi
1215 1387 1410 1438 Euryalus

236 1463 278 1495 et
294 1457 522 1509 Hyperbius
537 1456 682 1494 fratres
698 1455 868 1493 Athenis
882 1469 890 1500 ;
920 1463 1040 1494 antea
1054 1470 1194 1507 specus
1209 1463 1324 1494 erant
1338 1470 1410 1507 pro

231 1527 425 1566 domibus,
480 1526 611 1564 Gellio
645 1526 790 1563 Toxius
827 1525 938 1563 Caeli
973 1526 1073 1563 filius
1110 1526 1207 1564 lutei
1242 1526 1409 1564 aedificii

230 1600 413 1634 inventor
452 1596 600 1646 placet,
639 1595 825 1645 exemplo
863 1601 1024 1645 sumpto
1063 1596 1114 1632 ab
1153 1594 1408 1633 hirundinum

232 1666 344 1704 nidis.
398 1665 588 1716 oppidum
620 1664 824 1715 primum²
857 1665 1029 1715 Cecrops
1062 1678 1086 1701 a
1116 1678 1160 1702 se
1193 1665 1410 1715 appellavit

233 1736 466 1785 Cecropiam
487 1748 590 1785 quae
611 1748 715 1772 nunc
737 1740 799 1772 est
819 1748 889 1771 arx
911 1734 1104 1779 Athenis3
1138 1734 1259 1785 aliqui
1280 1735 1409 1786 Argos

232 1818 255 1842 a
283 1805 491 1842 Phoroneo
518 1817 613 1854 rege
642 1810 736 1841 ante
763 1803 970 1841 conditum
997 1804 1149 1848 volunt,
1177 1803 1338 1854 quidam
1367 1810 1410 1841 et

231 1874 456 1924 Sicyonem,
497 1874 675 1923 Aegypti
717 1886 811 1909 vero
852 1873 979 1910 multo
1020 1879 1115 1910 ante
1156 1872 1264 1923 apud
1303 1875 1407 1922 ipsos

148 1950 211 1980 195
236 1943 454 1993 Diospolin.
508 1943 664 1993 tegulas
702 1945 852 1980 invenit
888 1942 1034 1993 Cinyra
1070 1942 1271 1993 Agriopae
1308 1942 1408 1979 filius

346 2029 360 2050 ²
389 2027 450 2061 VJ.
463 2029 594 2069 utique.
796 2028 808 2047 ²
831 2027 1004 2069 primum?
1021 2026 1097 2060 add.
1114 2026 1277 2068 Mayhoff.

235 2091 307 2140 636
