1515 2351
110 610 145 639 18

111 1285 147 1314 19

109 1838 149 1868 20

372 132 560 171 PLINY:
613 134 874 171 NATURAL
912 135 1146 172 HISTORY

171 238 440 284 attinge-reum
491 239 626 274 siccari
665 250 731 274 eas
768 243 882 274 aestu
919 238 1146 275 recedente.
1200 240 1240 274 in
1276 250 1345 274 ora

171 304 305 334 autem
340 301 452 335 iuxta
481 298 668 335 Cercetas
696 298 844 335 flumen
873 298 1018 343 Icarus,
1047 299 1196 336 Achaei
1213 298 1227 322 ²
1256 312 1344 336 cum

173 359 317 408 oppido
342 359 464 396 Hiero
494 365 535 396 et
564 358 738 403 flumine,
761 360 811 396 ab
835 359 1029 396 Heracleo
1053 372 1200 397 cxxxvi.
1253 359 1344 397 inde

171 423 486 469 promunturium
522 420 692 464 Crunoe,
727 433 749 456 a
782 434 860 470 quo
895 420 1146 471 supercilium
1180 421 1345 458 arduum

171 487 312 518 tenent
349 482 534 526 'I'oretae,
565 484 702 518 civitas
736 481 894 518 Sindica
928 483 977 518 ab
1012 481 1134 518 Hiero
1165 494 1267 519 1.xv11
1308 493 1346 523 ι),

171 542 318 579 flumen
338 542 557 580 Secheries.

222 604 288 640 VI.
322 604 420 641 Inde
433 604 483 641 ad
498 604 662 653 Bospori
682 604 884 641 Cimmerii
904 607 1111 640 introitum
1125 606 1294 641 L—xva—iu
1309 618 1345 641 D.

171 664 248 702 Sed
267 668 386 714 ipsius
403 665 661 715 paeninsulae
679 667 784 702 inter
802 664 973 702 Pontum
992 671 1033 702 et
1053 664 1277 701 Maeotium
1292 664 1348 701 la-

171 738 259 762 cum
278 728 522 762 excurrentis
540 739 618 762 non
639 726 805 776 amplior
826 728 925 762 iliisfi
949 739 973 763 υ
990 739 1026 776 p.
1045 725 1252 776 longitudo
1273 732 1347 770 est,

170 786 341 822 latitudo
367 799 562 837 nusquam
588 787 688 823 infra
713 787 791 824 duo
817 790 976 836 iugera,
1016 787 1168 824 Eonem
1194 793 1346 824 vocant.

172 861 239 884 ora
273 851 357 897 ipsa
390 847 553 898 Bospori
586 851 788 899 utrimque
823 862 871 885 ex
906 849 1001 886 Asia
1034 854 1157 899 atque
1191 848 1347 899 Europa

172 916 356 946 curvatur
397 912 438 946 in
482 908 690 946 Maeotim.
746 909 892 960 oppida
935 912 974 946 in
1016 909 1129 946 aditu
1171 909 1348 961 [Bospori

171 970 344 1022 primo]²
378 971 640 1015 Hermonasa‚
672 971 765 1008 dein
798 971 932 1020 Cepoe
966 971 1226 1015 Milesiorum,
1257 984 1348 1008 mox

172 1031 383 1069 Stratoclia
400 1038 441 1069 et
458 1031 707 1082 Phanagoria
725 1046 769 1069 ac
786 1045 914 1082 paene
930 1032 1133 1069 desertum
1150 1033 1348 1082 Apaturos

173 1093 392 1144 ultimoque
408 1096 447 1130 in
463 1096 563 1130 ostio
579 1093 849 1137 Cimmerium,
871 1093 975 1143 quod
996 1099 1116 1130 antea
1136 1093 1348 1130 Cerberion

175 1155 398 1192 vocabatur.
455 1155 544 1191 VII.
583 1154 681 1191 Inde
733 1154 905 1192 Maeotis
952 1155 1058 1192 lacus
1105 1157 1145 1192 in
1193 1154 1348 1205 Europa

173 1216 313 1253 dictus.

223 1279 258 1314 A
272 1277 486 1315 Cimmerio
499 1278 682 1315 accolunt
700 1278 904 1322 Maeotici,
919 1277 1026 1322 Hali,
1039 1277 1195 1322 Sernes,
1208 1277 1349 1322 Serrei,

173 1339 286 1383 Scizi,
333 1339 476 1376 Gnissi.
534 1339 625 1376 dein
672 1340 824 1376 Tanain
873 1353 1030 1376 amnem
1077 1342 1237 1390 gemino
1283 1352 1349 1376 ore

173 1402 407 1438 influentem
430 1401 606 1438 incolunt
631 1401 853 1444 Sarmatae,
881 1401 1091 1438 Medorum
1116 1401 1177 1450 (ut
1201 1400 1349 1448 ferunt)

174 1462 343 1506 suboles,
366 1469 406 1499 et
427 1465 499 1512 ipsi
520 1466 559 1499 in
582 1462 706 1499 multa
727 1475 875 1512 genera
897 1462 1022 1499 divisi.
1076 1465 1190 1512 primi
1211 1461 1349 1499 Sauro-

175 1530 308 1561 matae
355 1524 818 1574 Gynaecocratumenoe,
865 1524 1115 1560 Amazonum
1161 1524 1350 1567 conubia;

174 1585 264 1622 dein
307 1585 529 1630 Naevazae,
569 1585 723 1629 Coitae,
763 1585 895 1629 Cizici,
937 1585 1195 1629 Messeniani,
1235 1584 1349 1622 Coto-

174 1646 324 1691 bacchi,
353 1647 492 1691 Cetae,
521 1648 654 1698 Zigae,
681 1647 857 1690 Tindari,
883 1646 1173 1697 Thussegetae‚
1200 1647 1350 1697 Tyrcae

176 1722 300 1759 usque
334 1709 384 1745 ad
418 1709 650 1745 solitudines
685 1709 868 1745 saltuosis
902 1708 1144 1745 convallibus
1179 1721 1350 1758 asperas,

176 1771 278 1807 ultra
320 1784 417 1820 quas
460 1769 692 1819 Arimphaei
735 1773 800 1820 qui
843 1769 893 1806 ad
936 1769 1105 1819 Ripaeos
1148 1773 1350 1819 pertinent

176 1837 343 1869 montes.
399 1831 564 1868 Tanaim
613 1834 740 1881 ipsum
789 1829 962 1881 Scythae
1010 1830 1146 1867 Sinum
1195 1836 1350 1875 vocant,

431 1951 443 1970 ¹
468 1950 665 1980 Hermolaus
681 1963 687 1980 ;
719 1961 874 1980 acaunum
893 1956 919 1980 el
935 1951 1003 1980 aliu
1020 1949 1108 1981 codd.

431 1992 444 2012 ·
469 1992 630 2032 Mayhosf.

175 2065 245 2102 ³50
