1515 2351
100 248 160 281 143

99 829 159 860 144

99 1217 158 1248 145

98 1799 158 1830 146

382 139 549 177 PLINY
564 153 572 177 :
624 139 889 177 NATURAL
927 139 1164 177 HISTORY

184 243 476 281 disterminans.
532 256 580 281 ea
595 243 798 293 appellata
813 249 874 280 est
889 243 1046 287 Cronia,
1059 242 1153 280 dein
1165 242 1363 280 Thessalis

183 308 275 345 dein
311 307 518 345 Malianda
552 313 593 345 et
627 307 871 358 Strymonis3
917 306 988 344 hos
1021 307 1220 345 Homerus
1254 307 1365 345 Hali-

182 386 301 409 zonas
333 372 449 416 dixit,
482 371 642 422 quando
673 374 944 422 praecingitur
975 385 1073 422 gens
1105 374 1217 410 mari.
1271 373 1363 410 urbs

183 436 259 474 fuit
280 439 461 474 inmensa
483 437 631 474 Atussa
654 439 828 481 nomine,
850 449 953 473 nunc
975 442 1068 473 sunt
1089 449 1146 473 xu
1167 439 1364 480 civitates,

182 504 287 538 inter
308 514 406 552 quas
423 500 574 538 Gordiu
589 500 714 538 Come
730 513 834 551 quae
851 500 1052 550 Iuliopolis
1068 506 1247 545 vocatur,
1262 506 1304 538 et
1324 504 1364 538 in

184 579 253 602 ora
275 566 480 617 Dascylos.
539 565 632 603 dein
655 565 804 603 flumen
829 564 991 610 Gelbes,
1017 571 1059 603 et
1083 569 1189 603 intus
1213 565 1365 617 Helgas

181 630 368 680 oppidum
381 643 483 680 quae
496 629 847 680 Germanicopolis,
855 629 931 666 alio
942 632 1102 667 nomine
1113 629 1214 667 Boos
1225 629 1366 674 Coete,

181 698 281 732 sicut
319 696 502 745 Apamea
539 708 642 745 quae
679 708 782 731 nunc
821 694 980 745 Myrlea
1017 693 1364 744 Colophoniorum,

182 760 331 797 flumen
369 758 562 797 Echeleos
601 762 755 796 anticus
793 759 958 796 Troadis
998 759 1084 796 finis
1124 765 1166 797 et
1206 759 1365 810 Mysiae

183 827 352 861 initium.
405 830 547 874 postea
589 827 696 861 sinus
738 826 779 861 in
822 837 900 874 quo
943 823 1092 861 flumen
1134 824 1365 869 Ascanium,

182 889 373 939 oppidum
402 888 602 940 Bryalion,
623 902 760 926 amnes
786 888 913 939 Hylas
935 894 976 925 et
997 888 1087 925 Cios
1107 901 1198 926 cum
1218 888 1364 939 oppido

183 954 362 991 eiusdem
394 956 577 997 nominis,
611 953 718 1004 quod
751 952 828 990 fuit
862 956 1084 1004 emporium
1117 966 1197 990 non
1229 953 1366 1003 procul

182 1018 395 1056 accolentis
417 1017 629 1069 Phrygiae,
649 1031 672 1054 a
700 1017 866 1055 Milesiis
893 1017 1055 1068 quidem
1080 1017 1300 1062 conditum,
1324 1020 1365 1054 in

181 1083 266 1120 loco
293 1089 433 1120 tamen
462 1086 529 1133 qui
558 1083 731 1120 Ascania
761 1081 959 1133 Phrygiae
988 1082 1227 1126 vocabatur3
1269 1095 1366 1133 qua-

181 1154 344 1198 propter
362 1161 441 1184 non
461 1147 582 1184 aliubi
602 1150 734 1197 aptius
753 1147 803 1184 de
823 1160 871 1184 ea
890 1147 1058 1184 dicatur.

234 1212 340 1249 XLI.
371 1211 545 1263 Phrygia
591 1212 736 1249 Troadi
785 1214 1009 1261 superiecta
1057 1211 1294 1262 populisque
1341 1225 1364 1249 a

181 1280 455 1327 promunturio
486 1277 612 1314 Lecto
641 1276 693 1313 ad
723 1276 871 1314 flumen
902 1275 1120 1313 Echeleum
1149 1275 1363 1327 praedictis

181 1342 485 1392 septentrionali
512 1345 571 1378 sui
599 1347 715 1391 parte
744 1341 932 1378 Galatiae
959 1344 1222 1386 contermina,
1248 1344 1364 1378 meri-

181 1407 300 1444 diana
321 1407 562 1457 Lycaoniae,
583 1406 754 1443 Pisidiae
776 1406 1119 1456 Mygdoniaeque‚
1138 1406 1189 1443 ab
1208 1409 1362 1444 oriente

181 1471 476 1522 Cappadociam
499 1473 676 1521 attingit.
731 1470 878 1521 oppida
898 1471 952 1507 ibi
971 1470 1231 1508 celeberrima
1250 1483 1364 1521 prae—

180 1542 243 1573 ter
272 1539 351 1573 iam
381 1535 489 1573 dicta
519 1536 693 1586 Ancyra,
724 1535 890 1579 Andria,
920 1535 1134 1579 Celaenae,
1164 1534 1364 1580 Colossae,

181 1600 340 1645 Carina,
361 1600 571 1651 Cotyaion,
593 1600 776 1644 Ceraine,
798 1600 980 1644 Conium,
1005 1600 1214 1638 Midaium.
1271 1605 1364 1638 sunt

181 1671 362 1703 auctores
390 1668 578 1702 transisse
607 1678 657 1702 ex
686 1665 846 1715 Europa
878 1665 1037 1702 Moesos
1071 1671 1113 1702 et
1142 1664 1292 1716 Brygos
1321 1670 1364 1702 et

180 1729 355 1780 Thynos,
371 1743 393 1765 a
410 1730 552 1780 quibus
568 1729 822 1780 appellentur
840 1729 962 1780 Mysi,
978 1728 1171 1780 Phryges,
1186 1728 1362 1780 Bithyni.

233 1794 362 1831 XLII.
393 1793 516 1831 Simul
533 1794 746 1831 dicendum
764 1794 922 1831 videtur
939 1799 980 1831 et
997 1793 1048 1831 de
1066 1793 1242 1838 Galatia,
1260 1806 1364 1844 quae

182 1861 430 1909 superposita
461 1872 576 1909 agros
607 1861 756 1895 maiore
789 1871 838 1895 ex
870 1864 986 1908 parte
1018 1857 1218 1909 Phrygiae
1247 1863 1363 1896 tenet

651 2005 665 2020 ⁰
690 2000 730 2031 ll.
751 2000 796 2031 ΙΙ.
816 2001 888 2032 856.

179 2063 250 2110 328
