1515 2351
166 337 203 368 14

167 1063 205 1094 15

169 1500 206 1530 16

434 83 625 121 PLINY:
674 83 939 122 NATURAL
973 84 1211 122 HISTORY

229 192 388 238 petunt.
444 188 616 225 Celticos
633 201 656 225 a
672 188 883 226 Celtiberis
903 201 953 226 ex
975 189 1184 226 Lusitania
1203 188 1412 226 advenisse

229 260 488 298 manifestum
517 266 579 298 est
606 263 739 305 sacris,
766 260 917 311 lingua,
944 261 1183 311 oppidorum
1210 261 1412 299 vocabulis

233 346 337 383 quae
361 333 664 383 cognominibus
689 335 728 369 iu
754 332 919 370 Baetica
943 333 1239 384 distinguntur:
1276 332 1413 371 Seriae

229 405 402 442 adicitur
435 405 559 442 Fama
594 405 707 449 Iulia,
742 405 1009 455 Nertobrigae
1044 405 1265 443 Concordia
1300 405 1414 450 Iulia,

230 477 401 528 Segidae
422 477 629 515 Restituta
646 477 759 522 Iulia,
777 477 1016 515 Contributa
1040 477 1141 514 Iulia
1165 477 1414 529 Ugultuniae

234 551 341 600 (cum
355 563 434 600 qua
447 555 489 587 et
506 550 653 601 Curiga
665 563 770 587 nunc
791 550 884 600 est),
898 550 1162 601 Lacimurgac
1178 550 1415 588 Constantia

233 622 346 668 Iulia,
362 622 588 660 Steresibus
606 622 840 660 Fortunales
858 628 899 660 et
916 622 1164 660 Callensibus
1181 623 1413 660 Aeneanici.

231 701 393 746 praeter
425 694 525 732 haec
558 697 597 731 in
632 694 786 732 Celtica
819 696 1003 746 Acinipo‚
1037 695 1218 740 Arunda,
1251 695 1415 740 Arunci,

229 767 464 819 Turobriga,
477 767 645 818 Lastigi,
659 766 835 818 Salpesa,
847 767 1044 818 Saepone,
1055 767 1234 818 Serippo.
1289 767 1416 805 altera

231 840 435 885 Baeturia,
467 854 588 890 quam
619 840 793 878 diximus
823 840 1089 878 Turdulorum
1122 846 1164 878 et
1194 846 1415 878 conventus

233 912 516 958 Cordubensis,
531 911 656 951 habet
671 913 820 964 oppida
835 926 915 950 non
930 913 1122 964 ignobilia
1137 914 1295 957 Arsam,
1313 912 1416 950 Mel-

232 985 384 1030 lariam,
413 985 676 1036 Mirobrigam
704 985 917 1037 Reginam,
941 985 1145 1036 Sosintigi,
1168 985 1414 1036 Sisaponem.

235 1058 426 1095 Gaditani
472 1065 693 1096 conventus
739 1060 883 1096 civium
931 1058 1201 1096 Romanorum
1247 1057 1416 1109 Regina,

233 1130 468 1168 Latinorum
496 1131 650 1182 Laepia
667 1131 810 1182 Regia,
829 1130 965 1169 Carisa
981 1133 1219 1182 cognomine
1239 1130 1416 1176 Aurelia,

233 1204 359 1255 Urgia
390 1206 675 1254 cognominata
706 1203 892 1241 Castrum
919 1204 1078 1248 Iulium,
1107 1206 1207 1241 item
1237 1203 1416 1241 Caesaris

232 1276 535 1320 Salutariensis3
578 1276 840 1327 stipendiaria
869 1276 1030 1322 Besaro,
1059 1275 1241 1327 Belippo,
1270 1275 1417 1313 Barbe-

233 1350 331 1395 sula,
344 1349 550 1400 Blacippo,
567 1349 779 1400 Baesippo,
797 1349 940 1395 Callet,
958 1349 1202 1400 Cappacum,
1218 1348 1417 1394 Oleastro,

235 1422 380 1473 Iptuci,
397 1422 554 1467 lbrona,
575 1422 762 1466 Lascuta,
781 1421 990 1472 Saguntia,
1009 1421 1156 1467 Saudo,
1176 1421 1350 1472 Usaepo.

284 1494 598 1546 Longitudinem
618 1497 842 1532 universam
862 1497 946 1531 cius
964 1494 1140 1545 prodidit
1160 1494 1217 1531 M.
1238 1495 1418 1546 Agrippa

235 1574 421 1604 ffceissffv
463 1581 517 1618 p.,
547 1567 808 1604 latitudinem
839 1574 994 1612 δεῖνι-Π,
1023 1567 1096 1605 sed
1135 1581 1227 1604 cum
1255 1569 1417 1604 termini

234 1639 521 1691 Carthaginem
537 1653 663 1690 usque
678 1640 970 1690 procederent:
1000 1653 1103 1690 quae
1119 1653 1238 1677 causa
1252 1652 1418 1690 magnos

235 1726 388 1750 errores
418 1715 709 1764 conputatione
740 1726 952 1750 mensurae
985 1715 1143 1763 saepius
1174 1714 1294 1763 parit,
1325 1711 1418 1749 alibi

234 1791 392 1823 mutato
414 1788 705 1836 provinciarum
727 1785 848 1822 modo
870 1785 964 1822 alibi
985 1787 1176 1822 itinerum
1199 1787 1325 1822 auctis
1347 1789 1418 1822 aut

234 1858 441 1895 diminutis
454 1859 648 1908 passibus.
703 1857 921 1895 incubuere
935 1860 1062 1894 maria
1074 1863 1159 1894 tam
1172 1856 1292 1907 longo
1305 1869 1418 1902 aevo,

234 1930 327 1968 alibi
368 1944 599 1981 processere
640 1929 772 1974 litora,
813 1935 966 1967 torsere
1009 1943 1052 1967 se
1095 1929 1302 1966 fluminum
1346 1933 1417 1966 aut

246 2023 285 2055 14
