1515 2351
382 153 551 192 PLINY
565 168 573 192 ι
626 154 892 192 NATURAL
929 153 1167 192 HISTORY

182 257 317 296 serunt
350 264 462 296 certe
495 258 546 294 ab
580 260 744 295 orientis
779 263 896 308 parte
929 260 1073 295 intima
1105 262 1250 308 gentes
1285 269 1373 294 esse

182 331 267 366 sine
292 328 468 373 naribus,
493 328 653 379 aequali
676 331 802 366 totius
827 330 904 365 oris
928 327 1112 378 planitie,
1135 327 1234 365 alias
1258 339 1374 377 supe-

93 403 152 433 188
181 401 282 436 riore
305 398 417 436 labro
441 399 573 443 orbas,
596 398 696 435 alias
719 401 805 436 sine
828 398 987 448 linguis.
1041 411 1133 448 pars
1157 400 1283 435 etiam
1306 409 1374 435 ore

182 474 369 506 concreto
407 474 448 506 et
486 468 648 505 naribus
684 481 824 506 carens
862 481 941 505 uno
977 473 1140 505 tantum
1176 466 1374 505 foramine

183 541 307 588 spirat
351 544 573 589 potumque
615 538 781 575 calamis
818 550 970 575 avenae
1006 536 1133 575 trahit
1170 543 1212 575 et
1248 549 1375 588 grana

185 608 364 646 eiusdem
388 621 540 646 avenae
565 614 709 658 sponte
737 611 1008 658 provenientis
1039 607 1091 645 ad
1115 606 1372 645 vescendum.

184 678 425 729 quibusdam
470 691 542 729 pro
587 691 770 716 sermone
817 683 938 715 nutus
985 684 1200 728 motusque
1248 689 1375 715 mem-

184 748 345 785 brorum
363 754 446 792 est3
474 748 716 799 quibusdam
733 754 829 785 ante
847 747 1128 785 Ptolomaeum
1148 746 1374 798 Lathyrum

184 831 321 868 regem
352 818 532 868 Aegypti
562 821 723 868 ignotus
754 817 830 855 fuit
861 831 953 854 usus
984 819 1150 867 ignium.
1205 816 1372 868 quidam

185 893 226 925 et
259 887 555 938 Pygmaeorum
586 894 753 938 gentem
785 887 1048 937 prodiderunt
1080 890 1186 924 inter
1216 886 1375 937 paludis

185 971 235 995 ex
268 958 410 1008 quibus
445 958 557 995 Nilus
589 961 771 995 oriretur.
826 960 867 994 in
899 971 968 994 ora
1000 963 1138 994 autem
1170 957 1238 994 ubi
1269 956 1376 994 dice-

185 1041 272 1065 mus
286 1026 302 1051 ¹
321 1030 499 1066 continui
517 1033 675 1065 montes
694 1027 928 1065 ardentibus
945 1027 1093 1065 similes
1111 1027 1271 1064 rubent.

93 1103 153 1132 189
233 1097 473 1148 Trogodytis
497 1104 539 1135 et
563 1097 698 1135 Rubro
725 1097 830 1134 Mari
854 1111 876 1134 a
903 1096 1044 1135 Meroe
1066 1103 1222 1134 tractus
1246 1099 1375 1135 omnis

185 1171 480 1218 superponitur,
515 1181 538 1204 a
574 1167 737 1218 Napata
771 1168 894 1205 tridui
929 1170 1073 1204 itinere
1108 1167 1159 1205 ad
1195 1166 1374 1204 Rubrum

184 1237 292 1282 litus,
314 1251 418 1288 aqua
439 1237 575 1288 pluvia
596 1237 648 1275 ad
670 1251 786 1275 usum
807 1237 1062 1287 conpluribus
1084 1236 1180 1274 locis
1201 1242 1375 1281 servata,

185 1307 429 1345 fertilissima
471 1310 633 1358 regione
676 1320 780 1358 quae
821 1310 990 1344 interest
1031 1309 1129 1344 auri.
1185 1306 1375 1344 ulteriora

186 1377 350 1414 Atabuli
404 1376 652 1427 Aethiopum
703 1390 802 1428 gens
854 1383 1025 1420 tenent;
1090 1376 1185 1414 dein
1235 1382 1375 1414 contra

188 1446 357 1484 Meroen
389 1447 636 1498 Megabarri,
665 1460 762 1498 quos
791 1446 914 1498 aliqui
945 1446 1168 1484 Adiabaros
1197 1449 1375 1484 nomina-

186 1530 292 1562 vere,
344 1517 536 1567 oppidum
588 1516 740 1554 habent
798 1516 1021 1567 Apollinis3
1083 1529 1174 1566 pars
1237 1529 1375 1554 eorum

95 1592 154 1622 190
186 1587 401 1631 Nomades,
430 1601 533 1638 quae
563 1587 788 1637 elephantis
818 1589 1004 1625 vescitur.
1060 1599 1111 1624 ex
1138 1586 1306 1624 adverso
1332 1589 1374 1624 in

188 1657 350 1695 Africae
374 1664 491 1708 parte
519 1657 729 1701 Macrobii,
755 1670 886 1695 rursus
913 1670 936 1693 a
964 1656 1216 1707 Megabarris
1245 1655 1375 1693 Mem-

187 1741 310 1765 nones
340 1733 382 1765 et
412 1727 575 1765 Dabelli
603 1727 840 1778 dierumque
869 1739 919 1764 xx
947 1726 1159 1764 intervallo
1189 1725 1375 1765 Critensi.

190 1798 291 1834 ultra
319 1811 385 1835 eos
414 1796 557 1842 Dochi,
583 1797 677 1835 dein
705 1797 931 1848 Gymnetes
959 1809 1119 1847 semper
1145 1796 1255 1840 nudi,
1281 1809 1374 1834 mox

188 1868 390 1911 Anderae,
432 1867 642 1906 Mattitae.
683 1866 946 1917 Mesagches:
998 1865 1037 1904 hi
1077 1864 1261 1917 pudore2
1300 1869 1376 1903 atri

340 1977 353 1996 ¹
380 1976 539 2016 Blayhoff
548 1976 622 2007 coll.
639 1977 653 2015 ξ
671 1977 730 2007 197
747 1988 753 2008 :
781 1976 946 2007 desiimus
961 1977 1015 2017 (cs.
1031 1977 1046 2015 §
1063 1974 1222 2016 l73fin.).

336 2020 349 2039 ¹
377 2019 533 2060 Maylzoff
544 2031 551 2051 :
580 2019 739 2060 hipdoros
753 2019 991 2060 (Hypsodores
1005 2019 1198 2060 Detlessen).

183 2081 255 2127 478
