1515 2351
134 764 194 795 156

135 1279 195 1308 157

411 142 579 180 PLINY
594 156 602 179 :
654 142 921 180 NATURAL
958 141 1196 180 HISTORY

216 245 456 283 Dandonem
477 245 678 295 quendam
706 248 747 282 in
770 245 930 296 Illyrico
950 258 976 283 n
995 248 1154 289 vixisse,
1173 243 1395 294 Xenophon

214 313 255 346 in
287 310 444 360 periplo
479 309 731 347 Lutmiorum
765 309 917 346 insulae
947 322 1085 360 regem
1113 321 1175 353 nc,
1202 315 1325 360 atque
1353 314 1397 346 ut

214 387 334 424 parce
352 377 546 411 mentitus
566 374 690 410 filium
709 377 792 411 eius
813 386 917 412 nccc.
970 387 1073 424 quae
1092 376 1225 411 omnia
1242 376 1398 411 inscitia

214 444 444 488 temporum
485 438 740 482 acciderunt;
795 451 944 475 annum
987 441 1093 475 enim
1134 437 1199 474 alii
1240 443 1397 475 aestate

215 502 541 540 determinabant
567 509 610 540 et
634 502 808 539 alterum
833 501 980 546 hieme,
1004 502 1070 538 alii
1096 501 1397 552 quadripertitis

214 567 477 616 temporibus,
501 569 604 603 sicut
629 566 807 603 Arcades
833 579 1003 616 quorum
1028 569 1120 602 anni
1145 569 1398 603 trimenstres

216 630 344 674 fuere,
363 630 525 680 quidam
544 631 662 667 lunae
681 633 792 668 senio
811 636 855 667 ut
875 631 1080 681 Aegyptii.
1136 633 1273 680 itaque
1292 629 1399 680 apud

216 708 283 732 eos
303 701 344 732 et
363 695 507 746 singuli
526 695 635 732 milia
654 708 848 732 annorum
868 698 1010 732 vixisse
1029 694 1263 744 produntur.

269 758 350 797 Sed
387 766 432 796 ut
469 759 520 796 ad
557 759 739 797 confessa
775 766 1041 803 transeamus,
1078 758 1398 810 Arganthonium

217 823 464 861 Gaditanum
492 837 589 861 Lux
619 827 732 860 annis
760 837 949 875 regnasse
977 837 1102 873 prope
1129 829 1286 861 certum
1315 829 1399 867 est3

216 894 361 938 putant
410 888 745 938 quadragensimo
796 891 986 938 coepisse.
1055 887 1307 925 Masinissam
1353 900 1399 924 Lx

216 955 328 989 annis
363 965 552 1002 regnasse
590 952 861 989 indubitatum
898 958 974 996 est,
1011 952 1189 1002 Gorgian
1224 950 1398 989 Siculum

216 1029 311 1053 cvm
342 1019 497 1053 vixisse.
553 1016 601 1064 Q.
626 1017 768 1053 Fabius
795 1017 997 1054 Maximus
1024 1029 1119 1054 Lx111
1141 1018 1252 1053 annis
1273 1029 1400 1067 augur

215 1079 304 1117 fuit.
362 1080 419 1117 M.
442 1080 647 1130 Perperna
673 1087 715 1118 et
741 1094 870 1130 nuper
895 1081 938 1117 L.
962 1080 1143 1117 Volusius
1163 1079 1399 1118 Saturninus

216 1148 392 1182 omnium
430 1158 527 1195 quos
564 1149 604 1182 in
639 1146 848 1183 consulatu
884 1148 1129 1182 sententiam
1159 1150 1399 1195 rogaverant

215 1213 453 1258 superstites
481 1209 610 1254 fuere,
638 1209 842 1259 Perperna
870 1222 942 1246 vm
972 1209 1133 1259 reliquit
1162 1222 1211 1246 ex
1237 1211 1282 1246 iis
1301 1221 1399 1260 quos

218 1287 359 1310 censor
377 1274 554 1324 legerat:
588 1277 686 1311 vixit
706 1287 828 1310 annos
857 1286 1065 1311 Lxxxxvm.
1122 1286 1200 1323 qua
1226 1276 1265 1310 in
1289 1286 1331 1311 re
1357 1279 1400 1311 et

214 1338 313 1375 illud
329 1337 522 1375 adnotare
541 1341 750 1382 succurrit,
762 1351 885 1375 unum
906 1341 1066 1374 omnino
1083 1340 1398 1388 quinquennium

216 1401 337 1439 fuisse
372 1416 450 1452 quo
482 1408 645 1439 senator
679 1403 809 1439 nullus
844 1409 1085 1446 moreretur,
1112 1415 1202 1439 cum
1239 1402 1398 1440 Flaccus

217 1472 260 1503 et
293 1466 461 1503 Albinus
498 1480 683 1503 censores
722 1467 889 1503 lustrum
926 1466 1156 1510 condidere,
1185 1479 1311 1516 usque
1349 1466 1400 1503 ad

215 1543 430 1580 proxumos
445 1544 644 1574 censores,
657 1531 707 1566 ab
723 1544 826 1567 anno
839 1531 945 1567 urbis
960 1543 1112 1567 mrxnx.
1147 1530 1203 1567 M.
1220 1530 1398 1567 Valerius

216 1594 408 1632 Corvinus
429 1601 592 1632 centurn
613 1608 736 1631 annos
758 1595 954 1644 implevit,
973 1598 1081 1632 cuius
1103 1597 1208 1631 inter
1227 1597 1398 1644 primum

217 1665 259 1696 et
288 1665 450 1696 sextum
477 1659 727 1696 consulatum
755 1672 841 1696 wa
869 1662 960 1696 anni
987 1659 1112 1696 fuere.
1168 1658 1274 1696 idem
1301 1658 1399 1696 sella

216 1723 342 1760 curuli
368 1723 493 1760 semel
520 1737 565 1761 ac
594 1726 739 1761 viciens
770 1723 890 1767 sedit,
916 1726 1101 1773 quotiens·
1131 1736 1250 1760 nemo
1277 1723 1399 1767 alius;

217 1791 403 1838 aequavit
425 1791 509 1825 eius
530 1791 637 1825 vitae
656 1791 787 1838 spatia
811 1788 1004 1825 Metellus
1021 1787 1216 1837 pontifex.

260 1959 274 1974 ·
299 1956 357 1987 I.e.
385 1954 459 1986 who
484 1954 553 1987 had
578 1954 662 1986 been
686 1954 853 1986 members
877 1955 916 1986 of
935 1954 995 1986 the
1019 1955 1142 1987 Senatae
1166 1954 1288 1996 during
1310 1954 1399 1986 their

216 1998 432 2039 consulships

220 2060 292 2096 610
