1515 2351
127 916 190 948 120

419 161 587 200 PLINY
601 176 610 200 :
662 162 928 200 NATURAL
964 161 1203 200 HISTORY

213 265 372 303 oraculo
393 266 587 316 Apollinis
612 264 746 316 Pythii
774 265 977 316 praelatus
1005 268 1171 303 cunctis.
1225 265 1400 304 XXXII.

214 325 363 361 Rursus
377 324 566 361 mortales
578 324 827 362 oraculorum
839 326 1075 362 societatem
1088 323 1237 362 dedere
1249 323 1403 362 Chiloni

215 383 535 420 Lacedaemonio
544 385 620 420 tria
629 388 847 433 praecepta
855 385 940 420 eius
950 382 1119 434 Delphis
1132 383 1402 421 consecrando

213 444 343 479 aureis
372 441 532 486 litteris,
556 455 659 492 quae
689 447 784 479 sunt
808 441 931 479 haec:
971 455 1087 479 nosse
1113 454 1157 479 se
1183 455 1400 492 quemque.

217 507 260 537 et
297 499 393 537 nihil
431 503 598 538 nimium
635 513 797 551 cupere,
837 502 1108 551 comitemque
1152 503 1253 538 aeris
1285 500 1403 538 alieni

218 565 342 609 atque
373 559 454 596 litis
482 572 569 596 esse
596 561 810 596 miseriam.
859 562 956 610 quin
980 565 1024 596 et
1046 558 1165 597 funus
1190 562 1288 604 eius,
1312 573 1402 596 cum

214 620 363 655 victore
378 618 456 655 filio
473 618 687 669 Olympiae
704 620 928 669 expirasset
947 617 1110 669 gaudio,
1126 623 1215 655 tota
1235 618 1404 656 Graecia

213 683 427 726 prosecuta
448 683 521 714 est.

264 735 459 773 XXXIII.
490 736 690 773 Divinitas
719 742 763 773 et
786 735 987 786 quaedam
1014 735 1205 773 caelitum
1232 738 1402 773 societas

213 794 458 831 nobilissima
492 808 542 831 ex
578 794 736 831 seminis
770 797 811 831 in
846 794 997 845 Sibylla
1031 794 1122 840 suit,
1156 807 1207 832 ex
1240 797 1331 832 viris
1361 797 1402 832 in

215 852 475 903 Melampode
492 853 600 904 apud
616 853 804 898 Graecos,
823 853 931 904 apud
951 853 1151 891 Romanos
1171 855 1211 890 in
1234 852 1401 891 Marcio.

265 911 451 950 XXXIV.
493 912 563 948 Vir
603 918 792 963 optumus
843 912 969 950 semel
1015 926 1040 950 a
1083 911 1246 949 condito
1304 926 1402 950 aevo

212 970 411 1008 iudicatus
441 977 503 1008 est
528 970 659 1021 Scipio
683 971 827 1008 Nasica
851 984 874 1008 a
896 974 1026 1008 iurato
1049 977 1208 1016 senatu,
1231 971 1339 1008 idem
1361 973 1401 1008 in

212 1035 310 1080 toga
325 1029 496 1067 candida
511 1030 571 1067 bis
587 1029 747 1080 repulsa
762 1036 926 1067 notatus
943 1043 967 1067 a
982 1029 1142 1080 populo.
1191 1032 1231 1066 in
1246 1043 1402 1068 summa

214 1091 250 1126 ei
270 1091 311 1125 in
333 1091 465 1139 patria
480 1091 579 1126 mori
600 1102 679 1125 non
699 1088 826 1134 licuit,
841 1102 920 1126 non
942 1088 1115 1126 Hercule
1137 1091 1264 1140 magis
1281 1102 1401 1139 quam

213 1153 329 1184 extra
350 1147 506 1185 vincula
527 1147 583 1184 illi
611 1150 905 1198 sapientissimo
933 1148 984 1185 ab
1014 1147 1200 1198 Apolline
1224 1147 1401 1187 iudicato

209 1205 375 1244 Socrati.

262 1265 426 1303 XXXV.
465 1264 726 1303 Pudicissima
766 1265 917 1302 femina
958 1265 1082 1303 semel
1124 1271 1400 1303 matronarum

213 1327 417 1361 sententia
446 1324 624 1362 iudicata
652 1330 714 1362 est
743 1324 917 1375 Sulpicia
947 1323 1146 1362 Paterculi
1179 1324 1272 1369 filia,
1300 1337 1401 1362 uxor

214 1383 324 1420 Fulvi
364 1383 508 1428 Flacci,
549 1383 679 1420 electa
720 1396 770 1420 ex
811 1389 975 1420 centum
1019 1385 1247 1434 praeceptis
1295 1395 1398 1434 quae

213 1442 467 1479 simulacrum
502 1442 668 1479 Veneris
699 1455 750 1479 ex
794 1441 994 1493 Sibyllinis
1033 1441 1142 1479 libris
1178 1441 1400 1487 dedicaret,

212 1503 359 1538 iterum
414 1501 615 1552 religionis
669 1503 947 1552 experimento
1005 1500 1173 1538 Claudia
1235 1501 1400 1538 inducta

211 1559 380 1596 Romam
403 1559 525 1597 deum
547 1566 690 1597 matre.

252 1687 266 1700 ⁰
290 1682 449 1721 Sulpicia,
479 1681 648 1723 daughter
675 1682 714 1713 of
740 1683 877 1714 Servius
909 1681 1076 1723 Sulpicius
1102 1681 1300 1714 paterculus
1329 1681 1396 1714 and

210 1725 285 1755 wisc
299 1725 337 1756 of
351 1726 499 1762 Quintus
516 1725 656 1756 Fulvius
674 1725 824 1757 Flaccus.
844 1736 911 1756 was
928 1727 962 1756 in
980 1727 1040 1756 114
1061 1734 1125 1756 13.c.
1145 1725 1268 1757 chosen
1284 1735 1322 1757 aa
1338 1725 1396 1757 the

210 1767 362 1799 chastest
378 1777 512 1799 woman
532 1769 566 1799 in
583 1767 693 1799 Rome
709 1773 746 1799 to
762 1767 917 1799 dedicate
933 1778 954 1799 a
969 1772 1083 1800 statuo
1100 1767 1139 1799 of
1158 1768 1270 1799 Venus
1289 1768 1396 1800 Verti-

210 1810 336 1847 cordia,
364 1811 473 1842 which
505 1821 574 1841 was
601 1815 638 1842 to
667 1811 706 1842 bo
733 1811 867 1842 orected
900 1815 936 1842 to
967 1812 1052 1842 raiae
1084 1811 1142 1843 the
1168 1810 1335 1842 standard
1360 1811 1401 1843 of

210 1853 371 1885 feminine
388 1853 513 1885 morale
529 1853 701 1893 (Valerius
718 1853 891 1884 Maximus
907 1854 978 1885 viii.
997 1856 1047 1885 15.
1067 1855 1134 1892 12).

252 1896 264 1915 ⁶
288 1896 430 1928 Claudia
447 1896 586 1933 Quinta,
604 1907 625 1927 a
642 1896 778 1928 Roman
794 1901 943 1933 matron,
960 1896 1103 1928 accused
1125 1896 1164 1928 of
1184 1896 1394 1938 unchastity.

210 1939 239 1970 A
256 1944 370 1971 statuo
383 1939 423 1971 of
431 1939 555 1980 Cybele
568 1941 602 1971 in
619 1941 682 1971 204
703 1948 766 1971 3.(3.
779 1950 847 1970 was
862 1939 959 1981 being
974 1939 1121 1981 brought,
1137 1939 1223 1971 from
1238 1939 1395 1971 Possinus

210 1986 246 2013 to
271 1983 391 2017 Rome.
408 1982 477 2013 and
501 1982 558 2013 the
577 1982 682 2014 vessel
704 1984 894 2024 eonveying
910 1984 938 2014 it
953 1981 1128 2024 grounded
1145 1987 1182 2014 at
1198 1982 1256 2014 the
1273 1982 1394 2014 mouth

210 2026 249 2056 os
269 2025 326 2056 the
347 2025 458 2056 Tiber.
505 2025 576 2057 The
599 2025 816 2066 soothsayere
832 2025 1034 2058 announced
1050 2025 1129 2057 that
1144 2025 1225 2066 only
1241 2036 1262 2056 a
1277 2025 1394 2057 chasoe

214 2087 285 2134 584
