1515 2351
142 307 184 338 46

146 890 186 920 47

146 1330 188 1360 48

414 122 543 161 PLlN
547 124 581 161 Y
597 137 606 162 :
658 123 923 161 NATURAL
959 123 1198 161 HISTORY

210 227 360 266 colunt.
415 226 739 278 Gamphasantes
756 227 853 264 nudi
870 227 1192 278 proeliorumque
1210 232 1399 278 expertes

212 300 307 338 nulli
350 305 520 337 externo
560 305 870 351 congregantur.
925 299 1142 350 Blemmyis
1183 299 1400 338 traduntur

211 375 345 423 capita
373 373 513 410 abesse
541 385 609 409 ore
638 378 681 409 et
707 371 830 409 oculis
856 374 1012 422 pectori
1037 371 1191 409 adfixis
1245 371 1400 423 Satyris

213 452 375 496 praeter
413 445 581 496 figuram
619 444 716 482 nihil
754 447 874 482 moris
911 444 1088 482 humani.
1143 445 1399 496 Aegipanum

214 518 340 569 qualis
380 518 499 569 vulgo
538 520 717 568 pingitur
756 517 895 555 forma.
951 517 1272 568 Himantopodes
1311 517 1401 555 lori-

213 591 338 642 pedes
370 591 533 642 quidam
566 591 709 641 quibus
740 591 940 641 serpendo
970 591 1128 642 ingredi
1158 596 1303 628 natura
1334 593 1398 628 sit.

215 663 394 709 Pharusi,
428 664 631 714 quondam
665 662 824 709 Persae,
857 666 1025 701 comites
1058 663 1179 701 fuisse
1213 663 1401 701 dicuntur

216 737 397 775 Herculis
418 737 468 774 ad
489 736 733 787 Hesperidas
752 737 971 774 tendentis.

267 811 350 848 Nee
371 810 422 848 dc
444 809 580 847 Africa
600 810 715 860 plura
736 823 839 860 quae
861 816 1135 848 memorentur
1155 816 1381 848 occurrunt.

266 883 336 921 IX.
367 883 575 921 Adhaeret
597 884 706 928 Asia,
728 896 849 934 quam
869 890 1010 934 patere
1032 897 1055 920 a
1077 883 1278 934 Canopico
1299 886 1401 921 ostio

215 957 266 994 ad
281 955 396 994 Ponti
410 959 556 994 ostium
568 955 849 994 Timosthenes
867 965 982 1009 lxxvi!
999 969 1150 993 mmm
1165 970 1204 1007 p.
1219 956 1402 1003 tradidit,

216 1031 266 1067 ab
286 1043 353 1067 ore
378 1036 517 1068 autem
538 1028 655 1067 Ponti
676 1029 727 1067 ad
747 1043 789 1067 os
812 1029 987 1067 Maeotis
1007 1028 1298 1067 Eratosthenes
1325 1030 1397 1082 ΡΤνΙ

215 1105 302 1149 RV,
326 1105 552 1140 universam
578 1115 671 1140 vero
696 1116 787 1140 cum
813 1103 1004 1153 Aegypto
1030 1101 1080 1139 ad
1104 1102 1258 1140 Tanain
1283 1103 1403 1140 Arte—

215 1176 391 1214 midorus
408 1182 450 1214 et
468 1176 641 1214 Isidorus
658 1182 706 1229 [ἶ]
720 1182 797 1215 ,ῆι-ι
811 1176 934 1213 occul
971 1178 1097 1213 maria
1112 1178 1197 1214 eius
1212 1176 1403 1227 conplura

216 1251 267 1287 ab
287 1250 428 1287 accolis
448 1255 608 1287 traxere
630 1253 805 1295 nomina,
825 1263 949 1300 quare
969 1248 1085 1286 simul
1106 1249 1400 1287 indicabuntur.

267 1322 453 1360 Proxima
478 1323 641 1360 Africae
666 1322 852 1360 incolitur
878 1323 1106 1373 Aegyptus,
1132 1325 1325 1360 introrsus
1352 1322 1403 1360 ad

216 1396 425 1434 meridiem
466 1396 659 1434 recedens
707 1396 835 1434 donec
872 1409 895 1433 a
931 1401 1048 1446 tergo
1084 1395 1404 1446 praetendantur

216 1469 451 1521 Aethiopes.
506 1469 736 1507 inferiorem
771 1471 856 1507 eius
890 1474 1049 1520 partem
1086 1468 1198 1506 Nilus
1233 1468 1404 1506 dextera

216 1542 410 1593 laevaque
435 1543 582 1580 divisus
608 1542 797 1593 amplexu
821 1556 893 1580 suo
917 1541 1178 1587 determinat,
1203 1541 1403 1593 Canopico

217 1618 319 1654 ostio
350 1616 401 1654 ab
429 1615 580 1660 Africa,
609 1616 660 1653 ab
696 1616 794 1653 Asia
831 1613 1050 1660 Pelusiaco,
1083 1616 1177 1652 c—mr‘x
1213 1628 1402 1666 passuum

217 1688 438 1726 intervallo.
469 1702 589 1739 quam
627 1689 678 1725 ob
715 1702 876 1725 causam
914 1690 1020 1726 inter
1055 1687 1202 1725 insulas
1240 1687 1402 1738 quidam

218 1762 455 1813 Aegyptum
470 1761 660 1806 retulere,
674 1763 731 1799 ita
745 1774 787 1798 se
804 1760 984 1798 findente
1000 1759 1089 1797 Nilo
1105 1766 1150 1797 ut
1163 1762 1403 1811 triquetram

682 1854 694 1874 ¹
725 1854 826 1886 Varia
843 1853 912 1887 edd.

352 1999 367 2014 ⁰
389 1994 498 2026 These
519 1994 641 2036 figures
662 2004 719 2025 are
739 1994 916 2026 uncertain
939 1993 971 2025 in
994 1993 1052 2025 the
1073 1992 1172 2025 Latin
1194 1995 1281 2026 text.

223 2069 242 2094 2
247 2068 290 2105 5²
