1515 2351
416 143 584 182 PLINY
598 157 607 182 ι
659 144 924 182 NATURAL
962 144 1199 182 HISTORY

211 249 429 298 puerperia
454 251 607 296 egesta.
662 245 735 283 sed
758 246 826 283 ubi
850 245 1057 297 paululum
1081 248 1273 297 temporis
1296 248 1402 284 inter

143 324 185 355 49
208 319 308 356 duos
337 324 555 369 conceptus
587 321 829 363 intercessit,
859 324 1078 369 utrumque
1108 317 1325 369 perfertur,
1356 325 1402 356 ut

141 977 183 1008 50

210 394 251 428 in
279 391 454 428 Hercule
483 396 526 428 et
555 390 706 441 Iphicle
734 390 859 428 fratre
888 393 972 428 eius
1001 393 1189 442 apparuit
1216 397 1259 428 et
1285 393 1327 428 in
1353 404 1402 428 ea

211 477 314 514 quae
336 466 498 514 gemino
519 469 639 513 partu
661 463 833 500 alterum
854 466 999 500 marito
1019 463 1191 500 similem
1212 463 1402 501 alterum-

211 549 289 586 que
327 535 510 573 adultero
547 538 703 586 genuit,
741 538 840 573 item
876 538 917 572 in
955 534 1221 573 Proconnesia
1257 535 1400 573 ancilla

211 622 315 659 quae
348 608 528 645 eiusdem
560 608 640 645 diei
671 611 781 645 coitu
824 608 997 645 alterum
1039 608 1200 645 domino
1231 608 1400 646 similem

211 681 382 718 alterum
405 683 651 731 procuratori
675 683 774 725 eius,
797 686 840 718 et
861 683 901 717 in
925 681 1002 718 alia
1024 694 1127 731 quae
1150 694 1275 718 unum
1295 683 1401 718 iusto

209 760 342 804 partu,
355 757 532 804 qujnque
546 755 744 791 mensium
757 753 930 790 alterum
943 753 1071 791 edidit
1085 767 1094 798 ;
1124 767 1256 791 rursus
1269 756 1310 790 in
1325 753 1402 791 alia

211 839 314 877 quae
358 832 517 877 septem
559 829 758 864 mensium
802 827 913 863 edito
955 829 1169 877 puerperio
1211 829 1401 864 insecutis

210 900 337 936 tribus
354 897 369 922 ¹
390 899 593 936 mensibus
613 901 795 950 geminos
816 902 935 936 enixa
955 905 1029 936 est.

260 972 346 1008 Iam
371 971 439 1008 illa
465 971 630 1022 vulgata
655 971 803 1009 sunt²:
831 974 938 1009 varie
966 985 1016 1009 ex
1042 974 1212 1023 integris
1238 978 1400 1010 truncos

209 1047 334 1096 gigni,
361 1057 411 1081 ex
438 1047 590 1081 truncis
616 1047 795 1095 integros
822 1044 1047 1095 eademque
1074 1050 1190 1095 parte
1217 1051 1400 1089 truncos;

209 1119 323 1168 signa
341 1117 541 1167 quaedam
559 1130 788 1167 naevosque
807 1123 849 1154 et
866 1119 1072 1155 cicatrices
1091 1119 1216 1155 etiam
1233 1130 1400 1169 regene-

209 1192 300 1234 rari,
317 1196 461 1240 quarto
478 1195 598 1240 partu
615 1190 839 1240 aliquorum
855 1190 870 1213 ³
887 1192 1050 1241 originis
1067 1196 1164 1227 nota
1180 1192 1221 1226 in
1237 1189 1399 1228 brachio

142 1269 177 1298 51
206 1261 393 1300 reddita⁴
421 1262 514 1299 XII.
543 1263 601 1312 (in
626 1262 871 1313 Lepidorum
894 1269 1020 1314 gente
1047 1268 1145 1307 treS‚
1172 1265 1399 1300 intermisso

208 1335 361 1379 ordine,
377 1335 553 1372 obducto
569 1335 804 1372 membrana
818 1335 932 1372 oculo
950 1338 1109 1387 genitos
1131 1336 1373 1386 accepimus)
1389 1348 1398 1380 ;

208 1408 358 1445 similes
398 1407 562 1458 quidem
599 1407 696 1445 alios
734 1421 822 1453 avo,
859 1414 903 1446 et
940 1421 991 1446 ex
1029 1410 1199 1459 geminis
1238 1421 1398 1459 quoque

209 1480 381 1517 alterum
405 1483 510 1531 patri
535 1480 707 1518 alterum
731 1483 864 1525 matri,
889 1494 1074 1531 annoque
1099 1486 1191 1531 post
1213 1482 1398 1531 genitum

208 1555 347 1590 maiori
366 1553 537 1590 similem
558 1552 678 1590 fuisse
701 1559 746 1590 ut
765 1555 984 1604 geminum.
1040 1553 1235 1604 quasdam
1255 1554 1329 1591 sibi
1349 1555 1398 1591 si-

207 1625 321 1663 miles
348 1639 508 1676 semper
535 1638 690 1676 parere‚
717 1626 913 1676 quasdam
940 1629 1036 1670 viro,
1064 1626 1259 1676 quasdam
1287 1625 1398 1670 nulli,

208 1697 403 1750 quasdam
432 1698 624 1735 feminam
652 1701 772 1749 patri,
800 1712 952 1736 marem
981 1699 1066 1735 sibi.
1123 1698 1397 1735 indubitatum

208 1770 439 1821 exemplum
468 1776 530 1808 est
559 1770 696 1808 Nicaei
725 1770 866 1808 nobilis
894 1777 1041 1822 pyctae
1070 1770 1240 1822 Byzanti
1266 1773 1395 1822 geniti

599 1873 610 1892 ¹
636 1872 802 1914 Deilessen
818 1874 892 1912 (viz.
913 1876 991 1912 nn:
1022 1874 1068 1905 in.

595 1916 608 1935 ²
633 1916 789 1956 Maylzoff
800 1929 807 1947 :
838 1921 890 1947 est
906 1920 964 1946 aut
980 1920 1026 1947 et.

595 1957 609 1976 ⁸
633 1959 823 1990 Barbarus:
855 1959 1040 1991 Dacorum.

591 2001 604 2020 ⁴
629 2002 802 2042 Maylzoff:
833 2002 996 2034 redditur.

209 2063 280 2112 538
