1515 2351
135 387 194 418 174

141 1788 201 1818 176

416 137 607 174 PLINY:
661 136 925 174 NATURAL
963 135 1201 174 HISTORY

214 241 394 279 tradunt.
450 239 549 278 haec
580 246 643 277 est
672 240 849 277 conditio
878 239 1132 277 mortalium:
1177 239 1228 277 ad
1257 237 1328 276 has
1359 244 1402 277 et

217 311 408 349 eiusmodi
428 313 653 347 occasiones
671 309 858 347 fortunae
876 313 1092 361 gignimur,
1110 315 1155 347 ut
1173 309 1224 347 de
1243 308 1403 347 homine

220 395 269 419 ne
310 384 428 418 morti
470 381 632 431 quidem
673 380 823 417 debeat
861 379 982 417 credi.
1037 382 1257 429 reperimus
1300 382 1404 416 inter

217 451 403 500 exempla
454 451 696 487 Hermotimi
746 449 990 487 Clazomenii
1040 453 1215 486 animam
1264 449 1404 486 relicto

218 534 383 571 corpore
405 534 537 558 errare
556 520 714 557 solitam
735 533 959 571 vagamque
987 533 1008 557 e
1033 515 1251 570 longinquo
1277 518 1405 556 multa

217 591 456 628 adnuntiare
481 604 583 641 quae
608 593 682 627 nisi
706 603 730 627 a
752 596 968 640 praesente
992 593 1100 627 nosci
1124 603 1203 626 non
1227 595 1405 639 possent,

215 675 382 711 corpore
402 664 564 698 interim
585 663 822 704 semianimi,
842 660 969 697 donee
989 665 1168 697 cremato
1190 672 1238 697 eo
1259 662 1404 696 inimici

218 735 284 782 qui
310 731 580 768 Cantharidae
605 730 852 767 vocabantur
876 732 1072 767 remeanti
1097 733 1255 766 animae
1280 729 1404 766 veluti

219 805 403 853 vaginam
419 801 645 838 ademerint
660 813 668 844 ;
698 801 884 837 Aristeae
901 803 1024 837 etiam
1039 803 1163 836 visam
1179 799 1404 836 evolantem

219 885 268 909 ex
287 885 355 909 ore
374 875 413 908 in
433 871 685 908 Proconneso
703 874 810 907 corvi
830 871 975 921 effigie,
993 883 1084 907 cum
1101 870 1114 893 ¹
1133 883 1281 919 magna
1299 882 1402 920 quae

181 949 195 961 ⁷
220 945 401 992 sequitur
449 940 581 978 hanc2
629 940 899 977 fabulositate.
955 953 1075 990 quam
1125 939 1311 990 equidem
1365 945 1406 976 et

218 1015 258 1048 in
292 1012 440 1048 Gnosio
475 1011 712 1061 Epimenide
745 1010 863 1047 simili
896 1010 1015 1047 modo
1044 1012 1208 1059 accipio,
1236 1022 1406 1060 puerum

219 1088 333 1119 aestu
361 1088 401 1118 et
427 1084 572 1118 itinere
598 1080 747 1117 fessum
773 1083 812 1116 in
837 1093 959 1130 specu
983 1086 1141 1130 septem
1167 1085 1210 1116 et
1235 1082 1405 1129 quinqu-

219 1155 356 1203 aginta
376 1152 569 1188 dormisse
591 1154 718 1194 annis,
738 1163 873 1187 rerum
895 1149 1038 1187 faciem
1059 1152 1406 1199 mutationemque

219 1225 433 1259 mirantem
462 1221 571 1258 velut
598 1227 762 1271 postero
789 1220 854 1257 die
883 1225 1180 1270 experrectum,
1207 1218 1296 1256 hinc
1323 1221 1406 1269 pari

220 1305 388 1329 numero
413 1292 568 1329 dierum
594 1294 706 1328 senio
732 1293 961 1341 ingruente,
987 1296 1032 1327 ut
1058 1296 1196 1327 tamen
1221 1292 1261 1326 in
1285 1291 1407 1339 septi-

220 1376 330 1398 mum
363 1368 405 1399 et
438 1364 814 1412 quinquagesimum
848 1366 971 1410 atque
1003 1362 1269 1397 centesimum
1302 1361 1407 1396 vitae

220 1432 385 1469 duraret
404 1445 564 1468 annum.
619 1430 858 1468 feminarum
877 1443 995 1467 sexus
1016 1429 1106 1467 huic
1124 1429 1230 1466 malo
1250 1429 1408 1466 videtur

221 1506 395 1539 maxime
439 1508 687 1551 opportunus
730 1503 989 1538 conversione
1034 1499 1186 1543 volvae,
1230 1512 1333 1550 quae
1375 1501 1407 1536 si

219 1576 456 1623 corrigatur,
483 1575 644 1622 spiritus
673 1574 910 1608 restituitur.
964 1570 1040 1607 huc
1068 1573 1247 1620 pertinet
1276 1568 1408 1606 nobile

219 1643 317 1680 illud
334 1642 441 1692 apud
459 1642 632 1679 Graecos
650 1641 835 1678 volumen
854 1640 1076 1677 Heraclidis
1092 1645 1250 1690 septem
1267 1639 1407 1676 diebus

220 1712 394 1750 feminae
414 1715 607 1749 exanimis
627 1712 678 1749 ad
698 1714 821 1748 vitam
839 1717 1061 1748 revocatae.

278 1783 402 1819 Varro
418 1795 576 1832 quoque
593 1788 733 1818 auctor
753 1788 814 1818 est
834 1794 883 1818 xx
900 1784 983 1818 viro
1001 1794 1044 1818 se
1064 1793 1181 1831 agros
1201 1779 1405 1817 dividente

222 1853 383 1902 Capuae
424 1852 625 1903 quendam
666 1855 732 1902 qui
774 1850 985 1888 efferretur
1023 1849 1206 1887 feretro³
1244 1849 1407 1887 domum

499 1954 505 1972 ¹
535 1952 703 1984 Raclcham
718 1964 725 1983 :
754 1962 842 1991 quae
855 1955 915 1982 aut
928 1961 994 1991 que
1008 1954 1066 1982 aul
1079 1961 1143 1982 om.

337 1996 350 2015 ²
376 1996 531 2037 Mayhoff
542 2007 548 2027 :
575 1995 649 2026 hac.
839 1995 984 2026 Ammon
998 1993 1062 2035 (vel
1075 1994 1189 2033 toro):
1218 1992 1306 2024 foro.

218 2060 286 2095 622
