1515 2351
132 430 174 460 97

133 1111 175 1142 98

130 1603 172 1635 99

400 134 568 173 PLINY
583 148 591 174 :
643 135 908 173 NATURAL
946 136 1183 173 HISTORY

199 241 352 277 tionem
384 244 544 276 tantum
576 241 673 283 eius,
705 239 812 289 quod
842 245 983 276 notum
1014 242 1080 284 sit,
1112 239 1381 276 Hillevionum

200 307 323 352 gente
370 303 599 351 quingentis
644 301 844 338 incolente
889 304 1016 352 pagis,
1061 315 1164 352 quae
1210 301 1381 338 alterum

200 363 336 400 orbem
388 369 584 400 terrarum
636 375 725 400 eam
776 363 963 414 appellat.
1019 376 1093 401 nec
1142 365 1270 400 minor
1321 368 1382 400 est

201 427 387 476 opinione
413 425 625 476 Aeningia.
693 425 855 475 quidam
880 424 979 462 haec
1004 424 1176 462 habitari
1201 425 1252 462 ad
1278 425 1382 462 Vist-

198 486 277 523 lam
297 500 422 537 usque
443 486 606 523 fluvium
626 500 649 523 a
668 486 873 531 Sarmatis,
893 487 1082 532 Venedis,
1101 486 1233 532 Scitis,
1254 486 1381 524 Hirris

198 549 380 593 tradunt,
398 551 529 586 sinum
549 549 787 599 Cylipenum
807 551 952 594 vocari,
971 555 1013 587 et
1032 552 1072 586 in
1091 552 1194 587 ostio
1212 548 1380 586 insulam

200 610 369 655 Latrim,
397 624 490 647 mox
519 610 690 648 alterum
718 613 847 648 sinum
878 611 1062 662 Lagnum
1089 613 1381 648 conterminum

197 672 377 710 Cimbris.
431 676 750 722 promunturium
791 673 1040 710 Cimbrorum
1080 686 1292 710 excurrens
1341 675 1382 709 in

197 737 323 772 maria
339 734 459 785 longe
479 735 755 786 paeninsulam
775 735 896 773 efficit
916 748 1019 786 quae
1038 735 1188 773 Tastris
1208 734 1381 786 appella-

197 802 274 834 tur.
329 809 427 834 xxm
466 797 559 834 inde
598 797 749 834 insulae
789 797 977 835 Romanis
1017 799 1135 835 armis
1172 799 1381 848 cognitae3

198 872 335 896 earum
358 858 625 896 nobilissimae
649 858 844 904 Burcana,
869 858 1037 896 Fabaria
1060 861 1204 896 nostris
1227 859 1336 896 dicta
1359 871 1382 895 a

197 919 321 971 frugis
381 920 671 957 multitudine1
732 926 875 971 sponte
946 923 1229 972 provenientis,
1283 923 1381 958 item

198 981 404 1019 Glaesaria
441 995 465 1019 a
504 985 640 1019 sucino
679 982 845 1020 militiae
886 982 1101 1033 appellata,
1141 996 1164 1019 a
1203 982 1380 1020 barbaris

202 1044 454 1088 Austeravia,
472 1050 713 1094 praeterque
732 1045 914 1081 Actania.

244 1105 347 1142 Toto
363 1111 501 1142 autem
522 1107 620 1142 mari
641 1106 692 1142 ad
708 1105 879 1143 Scaldim
896 1119 1021 1157 usque
1038 1105 1200 1143 fluvium
1217 1105 1382 1143 Germa-

198 1169 287 1204 niae
334 1167 517 1205 accolunt
562 1174 706 1218 gentes
752 1166 860 1204 haud
906 1167 1129 1219 explicabili
1175 1181 1381 1205 mensura:

198 1235 282 1266 tam
323 1229 536 1266 immodica
575 1229 831 1280 prodentium
872 1229 1069 1267 discordia
1110 1236 1183 1267 est.
1239 1230 1381 1266 Graeci

198 1296 240 1328 et
261 1291 422 1341 quidam
450 1293 574 1328 nostri
601 1297 696 1344 lffi'
724 1305 833 1328 oram
855 1291 1094 1329 Germaniae
1114 1291 1381 1336 tradiderunt,

198 1352 380 1403 Agrippa
392 1366 482 1390 eum
497 1352 641 1390 Raetia
653 1359 695 1391 et
710 1353 853 1390 Norico
868 1353 1160 1404 longitudinem
1176 1359 1358 1391 DchXXV
1355 1367 1380 1397 1,

197 1413 451 1451 latitudinem
493 1429 680 1460 cchvux,
713 1414 858 1465 (XIV.)
893 1414 1059 1452 Raetiae
1099 1427 1222 1465 prope
1265 1417 1380 1452 unius

198 1478 347 1512 maiore
368 1475 596 1521 latitudine,
609 1489 704 1514 sane
722 1479 827 1514 circa
846 1489 1053 1514 excessum
1074 1479 1157 1513 eius
1177 1477 1381 1521 subactae,

198 1551 291 1574 nam
306 1537 521 1574 Germania
534 1538 668 1576 multis
680 1544 822 1589 postea
836 1541 947 1575 annis
960 1552 1033 1575 nec
1046 1544 1134 1575 tota
1148 1541 1381 1590 percognita

198 1605 271 1636 est.
337 1602 369 1637 si
406 1602 631 1637 coniectare
669 1603 930 1651 permittitur,
968 1599 1066 1638 haut
1104 1601 1274 1637 multum
1313 1613 1381 1637 ora

197 1661 327 1752 ἀερὲἰὶ
348 1661 592 1699 Graecorum
612 1665 787 1713 opinioni
808 1669 850 1700 et
869 1662 1109 1713 longitudini
1129 1663 1179 1700 ab
1200 1663 1380 1714 Agrippa

196 1728 267 1765 pro
298 1718 390 1753 itae.

249 1776 539 1815 Germanorum
576 1791 727 1829 genera
765 1781 963 1829 quinque:
1016 1778 1173 1815 Vandili
1210 1791 1378 1829 quorum

618 1857 632 1877 ²
656 1857 877 1888 similitudine
893 1858 977 1898 vuly.

343 1963 358 1979 ¹
380 1958 452 1991 The
468 1969 550 2000 cape
566 1959 601 1991 of
615 1960 749 2000 Skagen
766 1971 808 1991 on
827 1959 885 1990 tho
903 1959 1002 1991 north
1019 1960 1054 1991 οἱ
1069 1959 1225 1992 Jutland.

345 2002 359 2021 ⁸
383 2002 571 2039 Borkhum,
588 2007 625 2034 at
643 2004 700 2034 the
718 2003 838 2034 mouth
855 2004 890 2034 of
907 2003 965 2034 the
983 2003 1075 2035 Eme.

203 2075 272 2112 194
