1515 2351
410 115 599 153 PLINY:
652 115 917 153 NATURAL
954 114 1193 153 HISTORY

209 219 422 256 manifesto
471 232 626 256 errore:
690 218 929 255 Arrotrebas
979 220 1099 263 enim,
1150 232 1247 269 quos
1296 225 1392 257 ante

211 294 406 332 Celticum
426 294 598 331 diximus
617 296 952 344 promunturium,
970 292 1044 330 hoc
1063 295 1103 330 in
1120 293 1207 331 loco
1224 307 1392 345 posuere

210 370 353 407 litteris
371 371 621 420 permutatis.

132 450 192 481 115
263 446 450 482 Erratum
474 451 516 482 et
538 447 577 481 in
601 445 782 481 amnibus
805 444 976 481 inclutis.
1032 445 1083 481 ab
1109 444 1250 489 Minio,
1273 458 1393 496 quem

210 534 329 572 supra
358 521 545 565 diximus,
575 533 619 557 cc
648 521 710 570 (ut
740 525 879 556 auctor
908 525 970 557 est
1000 519 1140 570 Varro)
1171 520 1286 557 abest
1316 521 1394 557 Ae-

210 598 367 641 minius,
395 609 514 647 quem
541 595 633 633 alibi
661 595 823 646 quidam
849 594 1093 646 intellegunt
1118 601 1161 632 et
1188 594 1394 633 Limaeam

211 678 367 716 vocant,
396 671 614 709 Oblixionis
642 673 815 722 antiquis
844 670 976 708 dietus
1003 670 1255 721 multumque
1283 670 1395 708 fabu-

210 747 325 785 losus.
381 748 432 785 ab
470 747 596 784 Durio
631 747 764 797 Tagus
802 752 847 784 ἃ
882 748 1177 783 interveniente
1218 745 1395 790 Munda;

210 823 342 874 Tagus
391 822 572 860 auriferis
620 822 778 859 harenis
825 821 1062 859 celebratur.
1131 821 1181 858 ab
1230 835 1277 858 eo
1327 827 1395 859 ΕῙΧ

211 901 531 950 promunturium
571 897 735 935 Sacrum
776 910 798 934 e
839 897 973 934 media
1012 910 1136 948 prope
1179 897 1396 948 Hispaniae

211 974 341 1012 fronte
374 974 539 1025 prosilit.
598 980 685 1027 lm
723 973 816 1010 inde
849 973 900 1010 ad
934 971 1185 1024 Pyrenaeum
1218 973 1395 1010 medium

211 1050 342 1100 colligi
368 1050 490 1087 Varro
514 1050 653 1094 tradit,
677 1049 727 1086 ad
753 1049 884 1086 Anam
910 1061 1016 1092 vero,
1042 1061 1120 1099 quo
1147 1047 1394 1085 Lusitaniam

212 1139 234 1162 a
253 1125 418 1163 Baetica
436 1126 705 1169 discrevimus
726 1130 854 1169 &cx-W,
873 1137 896 1161 a
916 1123 1094 1161 Gadibus
1116 1130 1170 1161 ὂῖι
1189 1123 1348 1160 additis.

133 1206 193 1237 116
264 1201 417 1239 Gentes
435 1201 592 1245 Celtici,
613 1200 777 1237 Turduli
801 1206 843 1237 et
867 1202 971 1236 cirea
996 1199 1151 1250 Tagum
1179 1198 1396 1242 Vettones;

211 1277 262 1314 ab
277 1278 367 1314 Ana
381 1277 431 1314 ad
445 1277 608 1313 Sacrum
626 1276 819 1313 Lusitani.
875 1275 1023 1325 oppida
1037 1288 1061 1311 a
1074 1274 1186 1325 Tago
1200 1287 1395 1311 memora-

210 1352 304 1389 bilia
331 1355 370 1389 in
397 1366 466 1389 ora
492 1352 672 1402 Olisippo
700 1364 893 1401 equarum
921 1363 942 1387 e
971 1349 1129 1387 favonio
1156 1355 1278 1387 vento
1304 1363 1398 1386 con-

210 1434 334 1479 ceptu
354 1427 500 1473 nobile,
520 1427 673 1465 Salacia
690 1428 973 1477 cognominata
994 1425 1099 1463 Urbs
1120 1424 1397 1475 Imperatoria,

214 1503 454 1548 Merobrica,
467 1505 788 1554 promunturium
802 1502 965 1539 Sacrum
980 1507 1022 1539 et
1035 1500 1207 1538 alterum
1222 1500 1396 1546 Cuneus,

211 1579 359 1630 oppida
377 1579 599 1623 Ossonoba,
618 1577 747 1622 Balsa,
770 1577 955 1629 Myrtilis.

135 1659 194 1689 117
267 1654 462 1692 Universa
499 1655 701 1705 provincia
739 1652 929 1690 dividitur
967 1654 1007 1688 in
1044 1657 1264 1688 conventus
1302 1656 1398 1697 tres,

211 1730 521 1774 Emeritensem,
550 1727 782 1772 Pacensem,
809 1727 1134 1771 Seallabitanum,
1160 1732 1248 1763 tota
1273 1739 1398 1777 popu-

211 1805 338 1842 lorum
361 1818 446 1851 XLV,
470 1808 509 1842 in
533 1805 675 1855 quibus
698 1803 876 1841 coloniae
900 1809 994 1840 sunt
1017 1805 1208 1853 quinque,
1232 1803 1398 1839 munici-

208 1911 282 1919 ——-
1379 1905 1400 1913 .-

537 1975 552 1991 ⁰
576 1970 746 2013 Probably
764 1971 878 2001 Punta
895 1969 936 2001 de
953 1969 1080 2012 Sugroe.

218 2036 289 2074 208
