1515 2351
89 673 131 702 95

91 1301 133 1331 96

93 1788 135 1819 97

363 141 531 180 PLINY
546 155 554 180 :
607 142 872 180 NATURAL
909 142 1146 180 HISTORY

158 247 303 285 eadem
325 257 587 295 composuere
608 248 793 296 ignorata
815 251 878 283 est
899 248 1148 284 contermina
1168 246 1226 284 illi
1246 261 1346 299 gens

160 316 416 354 Omanadum
442 328 611 366 quorum
636 317 743 352 intus
768 315 960 365 oppidum
986 315 1157 353 Omana.
1210 322 1347 354 cetera

157 385 324 424 castella
344 397 431 422 xmv
452 388 558 422 inter
578 397 739 435 asperas
758 384 958 423 convalles
975 384 1121 423 latent.

207 455 355 493 XXIV.
386 454 567 492 Insident
599 457 790 492 verticem
812 454 971 493 Pisidae
990 455 1191 506 quondam
1213 456 1349 507 appel-

157 527 227 563 lati
291 524 457 575 Solymi,
508 538 676 575 quorum
737 524 891 562 colonia
943 524 1154 571 Caesarea,
1205 526 1347 564 eadem

159 594 387 639 Antiochia,
406 594 553 645 oppida
573 593 776 638 Oroanda,
794 593 1036 645 Sagalessos.

209 665 335 702 XXV.
366 664 450 702 Hos
468 664 635 701 includit
655 663 859 714 Lycaonia
876 667 916 701 'm
934 664 1155 702 Asiaticam
1173 665 1348 703 iurisdic-

159 739 311 773 tionem
343 747 471 778 versa‚
500 747 591 771 cum
623 747 702 784 qua
731 736 975 772 conveniunt
1007 734 1348 780 Philomelienses,

158 805 405 856 Tymbriani‚
429 802 668 848 Leucoh'thi,
691 803 863 848 Pelteni,
884 803 1109 854 Tyrienses.
1164 804 1285 842 datur
1306 811 1348 843 et

158 873 377 913 tetrarchia
407 887 457 911 ex
489 873 692 924 Lycaonia
722 887 801 924 qua
828 879 948 924 parte
977 874 1166 912 Galatiae
1193 881 1349 913 conter-

160 948 268 982 mina
299 950 375 988 est,
403 946 626 981 civitatium
654 955 735 988 xlv,
765 943 865 981 urbe
901 943 1163 982 celeberrima
1201 944 1346 983 Iconio.

160 1017 281 1066 ipsius
308 1013 536 1064 Lycaoniae
558 1013 815 1050 celebrantur
836 1013 1022 1050 Thebasa
1045 1017 1085 1051 in
1107 1014 1253 1059 Tauro,
1278 1014 1350 1053 Ide

159 1088 199 1122 in
227 1084 398 1121 confinio
428 1083 617 1121 Galatiae
657 1089 782 1134 atque
811 1083 1105 1134 Cappadociae.
1160 1097 1184 1121 a
1221 1084 1350 1123 latere

161 1161 298 1192 autem
341 1157 424 1191 eius
465 1166 584 1203 super
625 1152 904 1204 Pamphyliam
945 1157 1111 1191 veniunt
1151 1153 1348 1192 Thtacum

160 1224 318 1262 suboles
341 1224 508 1274 Milyae,
528 1236 696 1274 quorum
715 1223 930 1274 Arycanda
949 1223 1154 1274 oppidum.

212 1293 324 1330 XXV
329 1293 359 1330 Ι.
390 1292 627 1343 Pamphylia
654 1299 774 1331 antea
805 1293 1017 1343 Mopsopia
1043 1293 1248 1344 appellata
1274 1300 1349 1333 est.

161 1377 273 1401 mare
302 1362 584 1414 Pamphylium
605 1362 741 1400 Cilicio·
771 1365 962 1413 iungitur.
1017 1363 1164 1413 oppida
1195 1363 1289 1401 Side
1308 1370 1350 1402 et

162 1437 202 1471 in
240 1439 380 1470 monte
418 1433 669 1483 Aspendum,
709 1432 1020 1478 Plantanistum,
1058 1432 1211 1484 Perga;
1262 1446 1351 1484 pro-

162 1506 409 1541 munturium
456 1501 668 1546 Leucolla;
727 1516 839 1540 mons
883 1502 1154 1547 Sardemisus3
1213 1516 1350 1542 amnes

163 1573 422 1624 Eurymedon
465 1575 578 1609 iuxta
620 1572 856 1622 Aspendum
901 1571 1041 1616 fluens,
1083 1572 1351 1619 Catarractes,

164 1647 275 1680 iuxta
301 1656 421 1694 quem
447 1642 668 1693 Lyrnessus
694 1648 735 1679 et
760 1642 878 1679 Olbia
902 1641 1127 1693 ultimaque
1150 1645 1234 1680 eius
1257 1656 1350 1681 orae

163 1712 352 1750 Phaselis.

215 1781 386 1819 XXVII.
419 1781 605 1819 Iunctum
623 1795 734 1819 mare
753 1781 920 1832 Lycium
938 1788 998 1819 est
1015 1795 1198 1832 gensque
1214 1781 1351 1833 Lycia,

164 1852 272 1890 unde
306 1850 467 1889 vastosl
502 1854 609 1889 sinus
643 1852 796 1889 Taurus
830 1865 942 1888 mons
976 1852 1027 1888 ab
1061 1851 1154 1889 Eois
1188 1855 1350 1891 veniens

165 1922 345 1960 litoribus
389 1921 622 1959 Chelidonio
665 1924 941 1972 promunturio
984 1921 1252 1967 disterminat,
1293 1925 1351 1960 in-

598 2010 610 2029 1
634 2009 755 2049 Sdliq:
782 2014 911 2041 vastus.

167 2085 235 2121 292
