1515 2351
115 795 171 826 161

116 1228 177 1258 162

118 1662 178 1692 163

398 131 587 169 PLINY:
639 131 904 170 NATURAL
941 131 1179 169 HISTORY

195 249 324 286 posse,
344 235 512 273 Berosus
537 234 677 272 excedi
702 247 801 272 xcvt.
859 234 978 272 durat
998 240 1041 273 et
1061 247 1109 272 ea
1133 237 1236 272 ratio
1259 247 1379 285 quam

197 298 383 335 Petosiris
439 309 484 333 ac
540 296 742 346 Necepsos
797 296 1001 334 tradidere
1056 297 1379 346 (tetartemorion

195 359 400 408 appellant
440 371 463 394 a
500 360 624 395 trium
661 361 866 408 signorum
905 358 1108 407 portione)
1149 370 1228 408 qua
1265 370 1381 407 posse

195 423 235 457 in
282 420 423 457 Italiae
470 425 603 456 tractu
650 432 764 456 cxxiv
811 432 933 456 annos
986 422 1094 456 w'tae
1146 421 1381 470 contingere

195 487 376 531 apparet.
443 494 642 532 negavere
695 480 753 517 illi
809 493 1052 531 quemquam
1109 493 1156 517 xc
1205 483 1381 530 partium

197 547 419 581 exortivam
438 555 666 579 mensuram
687 542 810 592 (quod
830 541 1052 592 anaphoras
1074 542 1233 592 vocant)
1252 548 1382 579 trans-

195 605 324 655 gredi,
336 611 376 642 et
395 603 465 641 has
483 607 586 654 ipsas
603 604 722 641 incidi
739 617 903 641 occursu
919 603 1190 641 maleficorum
1205 603 1382 641 siderum

197 673 266 703 aut
297 670 419 704 etiam
449 665 566 703 radiis
597 679 736 703 eorum
763 665 950 716 solisque.
1006 665 1219 715 Aesculapi
1248 678 1381 702 rursus

196 734 320 772 secta,
351 741 453 778 quae
480 734 589 764 stata
617 731 722 764 vitae
749 730 880 777 spatia
907 740 931 764 a
957 727 1087 764 stellis
1115 730 1238 777 accipi
1272 726 1382 772 dicit,

200 796 395 840 quantum
411 789 625 839 plurimum
641 790 793 826 tribuat
810 792 1007 826 incertum
1025 795 1109 832 est3
1139 801 1228 825 rara
1245 794 1382 826 autem

197 865 284 890 esse
318 851 456 888 dieunt
490 851 670 902 longiora
704 857 903 901 tempora,
938 850 1264 902 quandoquidem
1299 863 1383 887 mo·

196 917 342 951 mentis
384 912 571 950 horarum
614 913 833 963 insignibus
877 912 995 950 lunae
1034 912 1205 957 dierum,
1243 918 1287 949 ut
1323 923 1380 948 vn

198 982 321 1026 atque
359 988 408 1012 xv
443 987 547 1025 quae
586 981 705 1012 nocte
743 988 788 1011 ac
825 974 891 1012 die
929 974 1207 1019 observantur,
1241 976 1381 1025 ingens

197 1038 317 1075 turba
340 1043 526 1074 nascatur
547 1036 704 1074 scansili
727 1049 922 1073 annorum
946 1035 1036 1087 lege
1060 1035 1239 1080 occidua,
1264 1048 1383 1086 quam

195 1099 445 1137 climacteras
466 1098 688 1148 appellant,
701 1111 781 1135 non
801 1097 887 1135 fere
908 1101 964 1135 ita
984 1100 1131 1149 genitis
1153 1110 1215 1135 mv
1236 1110 1384 1134 annum

199 1160 498 1198 excedentibus,

253 1222 428 1260 Primum
469 1235 566 1273 ergo
605 1224 725 1272 ipsius
766 1225 862 1259 artis
902 1225 1168 1259 inconstantia
1206 1221 1385 1259 declarat

199 1298 318 1335 quam
368 1288 521 1321 incerta
575 1297 637 1321 res
692 1287 756 1320 sit.
825 1283 1021 1321 accedunt
1077 1277 1384 1333 experimenta¹

198 1349 459 1384 recentissimi
498 1359 638 1383 census
674 1359 794 1396 quem
829 1348 934 1382 intra
968 1345 1273 1396 quadriennium
1308 1344 1386 1381 Im-

199 1415 405 1458 peratores
442 1408 633 1445 Caesares
667 1407 898 1457 Vespasiani
931 1414 1048 1457 pater
1081 1407 1263 1457 filiusque
1295 1419 1386 1444 cen-

199 1484 306 1507 sores
332 1476 515 1521 egerunt.
571 1483 644 1507 nec
670 1476 764 1506 sunt
788 1472 922 1506 omnia
946 1472 1098 1505 vasaria
1123 1468 1385 1506 excutienda:

199 1532 356 1569 mediae
384 1538 545 1569 tantum
572 1535 699 1581 partis
729 1534 836 1568 inter
864 1532 1121 1581 Apenninum
1152 1530 1385 1580 Padumque

200 1608 392 1644 ponemus
423 1593 621 1643 exempla,
643 1605 714 1630 cxx
743 1606 866 1630 annos
896 1592 1064 1630 Parmae
1091 1599 1175 1630 tres
1206 1591 1384 1636 edidere,

204 1656 355 1693 Brixilli
396 1669 511 1700 unus,
549 1668 645 1692 cxxv
686 1655 852 1692 Parmae
891 1654 984 1699 duo,
1022 1667 1118 1691 cxxx
1157 1653 1385 1691 Placentiae

202 1732 316 1762 unus,
356 1718 571 1755 Faventiae
614 1730 692 1754 una
734 1716 892 1761 mulier,
929 1729 1050 1754 cxxxv
1094 1716 1295 1752 Bononiae
1338 1715 1383 1752 L.

200 1780 411 1817 Terentius
447 1779 504 1816 M.
536 1779 652 1823 filius,
679 1780 846 1815 Arimini
881 1791 974 1816 vero
1007 1778 1062 1815 M.
1092 1779 1271 1827 Aponius
1303 1789 1384 1824 exn,

200 1841 381 1879 Tertulla
435 1853 603 1879 cuxvn.
664 1844 765 1878 citra
823 1840 1068 1877 Placentiam
1125 1842 1165 1876 in
1219 1838 1385 1876 collibus

465 1917 473 1936 ¹
505 1916 567 1947 lill.
582 1916 657 1947 add.
673 1916 829 1957 exempla
843 1919 949 1946 nutet
964 1915 1131 1956 exempla.

463 2012 476 2025 ¹
503 2007 560 2039 I.e.
579 2006 686 2038 Titus.
734 2005 805 2038 The
821 2006 901 2037 date
920 2017 987 2036 was
1004 2015 1075 2036 ΛΑ).
1094 2006 1144 2035 74.

206 2053 277 2096 614
