1515 2351
139 1122 183 1151 40

140 1655 178 1685 41

410 101 498 140 PLI
504 102 578 139 NY
592 115 601 139 ε
652 100 918 139 NATURAL
954 99 1192 138 HISTORY

206 206 387 252 Sithone,
422 205 632 249 Heraclea,
666 211 709 243 et
740 207 853 255 regio
888 203 1136 254 Mygdoniae
1169 203 1390 248 subiacens,

205 263 246 298 in
277 274 356 311 qua
383 259 621 297 recedentes
651 272 674 295 a
702 261 801 295 mari
831 257 1054 308 Apollonia,
1083 256 1296 294 Arethusa.
1350 259 1390 293 in

206 327 275 351 ora
302 327 434 350 rursus
463 312 665 350 Posidium
693 318 736 349 et
762 314 870 348 sinus
896 324 987 348 cum
1014 311 1161 361 oppido
1188 310 1391 354 Cermoro,

207 366 459 418 Amphipolis
470 366 655 409 liberum.
666 378 766 416 gens
778 364 964 402 Bisaltae.
1019 364 1113 401 dein
1128 363 1391 400 Macedoniae

206 423 402 458 terminus
425 422 552 457 amnis
575 418 736 469 Strymo
758 424 868 456 ortus
891 420 931 454 in
954 418 1133 461 Haemo3
1169 429 1391 454 memoran-

206 474 302 512 dum
333 476 372 510 in
400 479 559 524 septem
588 472 695 510 lacus
724 485 816 509 eum
845 471 958 508 fundi
986 473 1216 522 priusquam
1244 470 1392 520 dirigat

205 541 379 565 cursum.

264 581 375 618 Haec
420 586 481 617 est
529 578 770 616 Macedonia
813 585 1009 615 terrarum
1054 580 1220 628 imperio
1264 579 1393 627 potita

208 635 423 685 quondam,
441 632 540 670 haec
565 633 716 676 Asiam,
735 633 981 675 Armeniam,
1006 631 1226 674 Hiberiam,
1244 630 1392 667 Alban-

207 690 299 732 iam,
344 687 651 738 Cappadociam,
695 685 863 737 Syriam,
907 686 1155 736 Aegyptum‚
1205 684 1393 728 Taurum,

208 741 428 778 Caucasum
479 746 740 791 transgressa,
791 739 890 776 haec
941 741 980 775 in
1031 738 1196 782 Bactris,
1246 736 1393 781 Medis,

208 793 336 832 Persis
367 795 574 832 dominata
603 799 692 830 toto
723 795 878 830 oriente
908 805 1102 843 possesso,
1133 790 1231 828 haec
1270 793 1392 828 etiam

208 848 348 886 Indiae
396 850 536 884 victrix
581 860 654 897 per
698 849 867 895 vestigia
914 845 1048 882 Liberi
1095 843 1223 881 Patris
1269 850 1391 894 atque

209 901 390 939 Herculis
421 907 581 951 vagata,
612 899 712 936 haec
743 900 886 937 eadem
917 905 979 936 est
1012 898 1253 935 Macedonia
1282 900 1392 934 cuius

207 969 286 992 uno
325 955 391 992 die
434 953 578 991 Paulus
619 953 812 990 Aemilius
854 955 1072 1003 imperator
1111 957 1250 989 noster
1289 963 1392 988 Lxxu

207 1009 324 1046 urbes
348 1008 526 1059 direptas
552 1006 745 1044 vendidit.
800 1012 956 1044 tantam
983 1005 1250 1043 differentiam
1275 1007 1392 1042 sortis

208 1065 447 1114 praestitere
468 1062 547 1099 duo
568 1060 759 1097 homines.

264 1116 334 1153 XI.
363 1115 530 1152 Thracia
560 1116 753 1165 sequitur,
784 1116 890 1150 inter
919 1112 1178 1149 validissimas
1210 1111 1393 1162 Europae

208 1175 366 1220 gentes,
411 1171 450 1205 in
495 1170 708 1218 strategias
754 1179 776 1203 L
818 1166 954 1204 divisa.
1023 1165 1260 1217 populorum
1309 1167 1394 1202 eius

208 1236 306 1273 quos
356 1224 561 1259 nominare
611 1234 690 1258 non
740 1223 878 1271 pigeat
928 1233 1088 1256 amnem
1138 1219 1393 1269 Strymonem

208 1276 391 1314 accolunt
437 1276 582 1313 dextro
628 1275 753 1311 latere
802 1273 1047 1311 Denseletae
1094 1278 1136 1310 et
1185 1272 1298 1310 Medi
1343 1271 1394 1309 ad

207 1330 376 1367 Bisaltas
398 1342 523 1380 usque
544 1342 663 1379 supra
684 1328 827 1372 dictos,
849 1327 960 1364 laevo
984 1327 1144 1377 Digerri
1165 1325 1394 1363 Bessorum—

208 1397 285 1434 que
309 1383 437 1420 multa
460 1385 620 1419 nomina
644 1381 694 1418 ad
721 1381 900 1418 Mestum
930 1393 1090 1417 amnem
1113 1383 1193 1416 ima
1217 1378 1392 1430 Pangaei

207 1439 354 1474 montis
382 1437 628 1473 ambientem
657 1438 762 1472 inter
792 1434 972 1478 Haletos,
1002 1434 1230 1477 Diobessos‚
1259 1432 1394 1469 Carbi-

207 1491 324 1535 lesos,
339 1490 433 1526 inde
450 1490 606 1540 Brysas,
622 1488 810 1539 Sapaeos,
827 1487 1089 1525 Odomantos.
1146 1486 1392 1537 Odrysarum

206 1557 305 1595 gens
339 1543 471 1580 fundit
505 1543 684 1580 Hebrum
717 1541 989 1579 accolentibus
1022 1540 1240 1590 Cabyletis,
1274 1538 1393 1590 Pyro-

207 1600 325 1648 geris,
370 1597 575 1646 Drugeris‚
621 1596 814 1639 Caenicis,
860 1594 1080 1644 Hypsaltis,
1125 1594 1257 1637 Benis‚
1301 1593 1393 1630 Cor—

210 1651 326 1701 pillis,
370 1650 578 1693 Bottiaeis‚
625 1649 784 1686 Edonis.
852 1649 994 1685 eodem
1040 1653 1133 1684 sunt
1179 1650 1217 1684 in
1262 1652 1393 1684 tractu

257 1817 272 1832 ⁰
296 1812 489 1844 Alexander
523 1812 581 1843 the
620 1813 724 1843 Great
764 1811 830 1842 and
866 1811 902 1842 L.
938 1809 1100 1841 Aemilius
1134 1809 1283 1846 Paullus,
1319 1809 1393 1840 who

212 1856 405 1897 conqucrcd
431 1856 489 1886 tho
514 1854 736 1887 Macedonian
762 1853 923 1885 monarch
948 1853 1088 1885 Perseus
1113 1858 1149 1884 at
1174 1851 1305 1893 Pydna,
1333 1853 1388 1884 181

212 1909 291 1936 1³.c.‚
307 1899 375 1930 and
394 1899 437 1940 by
454 1898 513 1929 the
528 1898 626 1929 order
641 1897 676 1929 of
691 1897 750 1928 the
765 1898 890 1929 Senatc
904 1906 990 1937 gave
1006 1895 1057 1927 his
1072 1895 1211 1926 soldiers
1227 1896 1267 1926 72
1283 1899 1392 1926 towns

213 1941 549 2017 wapssssgeff'emuae
566 1940 647 2024 tth
662 1940 732 2014 ‘had
751 1939 845 1971 sided
863 1939 945 1970 with
963 1939 1113 1970 Perseus.

347 1995 365 2016 e
416 1995 517 2016 oman
535 1994 612 2024 prae
628 1994 660 2015 ec
678 1993 763 2015 urae.

214 2047 281 2091 146
