1515 2351
150 616 188 647 17

149 1097 189 1129 18

416 135 504 172 PLI
512 135 607 172 NY:
660 134 924 172 NATURAL
960 134 1198 173 HISTORY

213 238 452 282 Taenarum,
499 238 706 288 Amyclae,
753 236 920 282 Pherae,
967 237 1154 282 Leuctra,
1200 243 1244 275 et
1287 240 1395 276 intus

214 291 370 342 Sparta,
418 291 642 342 Therapne,
690 297 813 341 atque
869 292 936 328 ubi
985 291 1097 328 fuere
1145 290 1396 342 Cardamyle,

216 343 372 389 Pitane,
426 344 602 389 Anthea,
655 344 762 381 locus
815 343 987 394 Thyrea,
1042 344 1228 389 Gerania,
1282 358 1395 382 mons

214 398 433 449 Taygetus,
458 400 585 435 amnis
609 397 793 442 Eurotas,
817 400 925 435 sinus
949 397 1181 448 Aegilodes,
1205 398 1395 448 oppidum

217 450 467 495 Psamathus,
511 454 619 488 sinus
665 450 891 501 Gytheates
936 451 986 488 ab
1031 451 1178 502 oppido
1223 464 1272 488 ex
1317 464 1396 502 quo

216 504 378 542 Cretam
411 504 579 541 insulam
611 507 854 541 certissimus
886 517 1033 541 cursus.
1088 517 1226 542 omnes
1259 510 1395 542 autem

217 557 353 595 Maleo
370 561 646 609 promunturio
663 557 930 595 includuntur.

269 611 347 658 Qui
402 614 583 662 sequitur
635 614 742 648 sinus
797 611 847 648 ad
901 610 1125 662 Scyllaeum
1189 611 1397 662 Argolicus

215 665 452 715 appellatur,
484 667 656 702 traiectu
686 671 722 709 ἰ,
754 664 862 702 idem
894 665 1047 701 ambitu
1082 678 1197 703 chu.
1251 665 1398 715 oppida

214 717 336 763 Boea,
356 718 580 769 Epidaurus
602 718 761 755 Limera
779 721 1032 769 cognomine,
1051 718 1191 763 Zarax,
1211 717 1397 769 Cyphans

214 778 364 822 portus.
419 785 557 809 amnes
583 771 766 816 Inachus,
790 772 992 816 Erasinus,
1015 774 1121 808 inter
1144 785 1242 822 quos
1266 773 1396 822 Argos

216 825 408 876 Hippium
453 828 780 875 cognominatum
827 838 945 875 supra
990 825 1121 862 locum
1169 823 1328 862 Lernen
1374 838 1398 862 a

214 881 314 915 mari
337 891 414 923 ΜΜ,
438 892 661 929 novemque
685 879 834 916 additis
857 879 1016 916 milibus
1042 878 1241 929 Mycenae
1265 885 1307 915 et
1331 879 1398 916 ubi

215 931 335 969 fuisse
358 931 553 983 Tiryntha
576 932 741 969 tradunt
764 938 807 969 et
829 931 936 969 locus
962 931 1185 969 Mantinea.
1240 938 1397 969 montes

215 987 468 1030 Artemisius,
503 986 747 1036 Apesantus,
782 986 985 1030 Asterion,
1022 984 1216 1036 Parparus
1251 985 1396 1036 aliique

216 1051 254 1076 x1
269 1051 458 1082 numero;
487 1038 620 1076 fontes
638 1039 781 1083 Niobe,
797 1040 1038 1089 Amymone,
1055 1037 1281 1076 Psamatbe.

271 1093 307 1130 A
327 1092 506 1143 Scyllaeo
526 1093 576 1129 ad
599 1092 794 1129 Isthmum
816 1099 914 1130 ffi—xx
927 1106 965 1143 p.
1001 1092 1148 1143 oppida
1168 1091 1398 1137 Hermione,

214 1145 405 1190 Troezen,
419 1146 722 1196 Coryphasium,
736 1146 1063 1197 appellatumque
1077 1145 1174 1183 alias
1188 1145 1396 1183 Inachium

214 1199 309 1236 alias
361 1200 544 1250 Dipsium
595 1201 746 1250 Argos;
810 1206 946 1250 portus
996 1199 1242 1244 Schoenitas,
1290 1202 1398 1237 sinus

215 1252 423 1290 Saronicus
439 1253 532 1290 olim
545 1266 698 1303 querno
714 1267 877 1290 nemore
890 1253 1113 1298 redimitus,
1129 1253 1236 1290 unde
1251 1266 1397 1290 nomen

215 1309 272 1344 ita
293 1307 462 1344 Graecia
481 1309 647 1358 antiqua
667 1307 897 1358 appellante
914 1320 1117 1357 quercum.
1172 1309 1212 1343 in
1233 1319 1281 1344 eo
1303 1307 1397 1357 Epi-

215 1360 383 1397 daurum
396 1360 587 1411 oppidum
600 1360 814 1410 Aesculapi
827 1360 994 1398 delubro
1005 1360 1178 1405 celebre,
1189 1359 1397 1411 Spiraeum

216 1417 551 1464 promunturium,
578 1420 717 1464 portus
755 1413 969 1451 Anthedus
1004 1420 1046 1451 et
1074 1412 1325 1464 Bucephalus
1355 1419 1397 1451 et

215 1481 313 1517 quas
341 1481 459 1518 supra
479 1468 708 1505 dixeramus
729 1467 974 1511 Cenchreae,
997 1467 1136 1504 Isthmi
1161 1481 1251 1518 pars
1272 1467 1398 1504 altera

214 1534 305 1558 cum
325 1521 491 1558 delubro
512 1521 690 1572 Neptuni
711 1520 1072 1572 quinquennalibus
1093 1521 1242 1558 incluto
1263 1521 1375 1558 ludis.

256 1639 271 1654 ⁰
293 1634 375 1666 This
397 1635 568 1675 recurring
590 1646 648 1666 use
670 1635 705 1666 of
726 1635 816 1667 locas
838 1645 917 1676 may
941 1635 1046 1676 imply
1069 1635 1148 1666 that
1169 1634 1228 1666 the
1250 1639 1342 1666 town
1362 1635 1399 1666 of

212 1678 271 1709 the
299 1688 398 1709 name
427 1677 494 1709 had
522 1678 758 1719 disappeared,
788 1678 919 1719 though
948 1678 1016 1709 this
1044 1679 1071 1709 is
1099 1688 1192 1709 more
1219 1677 1396 1719 explicitly

213 1721 326 1752 stated
345 1722 378 1752 in
397 1721 495 1752 other
513 1731 614 1752 cases.

255 1761 268 1782 ⁸
292 1764 394 1795 From
410 1764 455 1794 its
474 1763 574 1794 breed
591 1764 627 1794 οἱ
644 1762 769 1796 horsea.
865 1763 983 1794 ‘Now
1003 1763 1061 1794 the
1078 1761 1164 1795 Gulf
1176 1762 1213 1794 oi
1229 1763 1349 1803 Egina.

254 1805 270 1825 ‘¹
292 1807 407 1846 Σαρων
410 1805 486 1842 ιδες,
509 1820 540 1837 αι
567 1806 620 1838 δια
644 1806 762 1837 παλαι’
734 1820 762 1838 ιο
766 1819 846 1847 τητα
872 1807 1038 1858 κεχηνυῖαι
1062 1806 1164 1846 δρύες,
1183 1806 1393 1847 Hesychius;

213 1849 404 1889 σαρωνινίδας,
421 1850 506 1889 δρῦς,
525 1849 576 1880 διὰ
601 1849 637 1880 τὸ
662 1849 823 1891 σεσηρότα
841 1863 895 1881 και
912 1849 1192 1890 συνεστραμμένον
1208 1849 1264 1881 τὸν
1285 1848 1397 1889 φλοιὸν

212 1893 277 1933 ἔχει
268 1906 310 1929 ι,ν
305 1863 457 1967 νίδὸοὶῖιοΙρ
491 1892 547 1924 ad.
580 1891 826 1924 Callimachum
858 1892 935 1924 Jov.
967 1893 1009 1923 22
1039 1892 1059 1933 ἦ
1090 1892 1213 1927 πολλὰς
1241 1892 1397 1932 “φύπερθε

212 1949 332 1975 οαρωνι
356 1947 403 1969 ας.

256 1984 266 1997 ‘
290 1979 317 2009 A
343 1977 508 2009 mistake:
535 1977 594 2009 tho
617 1977 802 2013 Isthmian,
820 1977 887 2009 fiko
904 1977 963 2009 the
980 1977 1145 2014 Nemean,
1163 1977 1289 2009 Games
1311 1987 1396 2009 were

211 2031 314 2061 every
326 2025 394 2052 two
404 2031 518 2062 years:
537 2021 578 2063 cf.
590 2021 779 2062 ταυροφόνῳ
792 2020 977 2062 τριετηρίδι,
990 2021 1126 2056 Pindar.
1140 2020 1236 2052 Nem.
1248 2020 1308 2053 VI.
1320 2021 1372 2053 40.

221 2087 288 2122 130
