1515 2351
101 555 159 586 117

101 1116 162 1148 118

101 1488 161 1519 119

386 136 577 174 PLINY:
630 137 895 176 NATURAL
932 139 1171 177 HISTORY

186 244 506 292 promunturium
556 240 822 292 Cyrenaeum,
872 255 985 280 mons
1038 242 1186 281 Mimas
1237 256 1283 282 σι,
1331 257 1371 295 p.

187 316 399 341 excurrens
432 309 556 353 atque
587 305 629 340 in
660 303 958 341 continentibus
990 307 1141 354 campis
1175 305 1370 343 residens.

187 379 265 415 quo
295 368 334 402 in
363 365 449 402 loco
480 364 655 415 Magnus
685 365 917 403 Alexander
945 366 1128 404 intercidi
1158 367 1370 416 planitiem

186 440 275 464 eam
305 429 474 464 iusserat
501 439 558 463 vn
586 439 617 463 M
646 439 672 464 n
698 439 738 477 p.
766 427 1033 478 longitudine,
1060 434 1106 465 ut
1135 429 1233 466 duos
1262 432 1370 467 sinus

187 491 370 539 iungeret
390 487 664 539 Erythrasque
682 502 773 526 cum
795 488 996 527 Mimante
1014 490 1368 529 circumfunderet.

184 554 297 588 iuxta
331 564 398 588 eas
431 550 594 588 fuerunt
628 550 776 601 oppida
810 551 992 596 Pteleon,
1027 551 1167 597 Helos,
1203 553 1369 597 Dorion,

186 627 289 651 nunc
319 619 380 651 est
411 613 539 651 Aleon
569 612 722 657 fluvius,
752 613 1007 664 Corynaeum
1039 614 1250 652 Mimantis
1281 628 1368 665 pro-

185 679 445 719 munturium,
460 675 743 720 Clazomenae,
759 675 974 713 Parthenie
990 682 1032 714 et
1047 676 1186 727 Hippi,
1201 676 1372 728 Chytro-

185 737 323 788 phoria
356 738 588 788 appellatae
621 751 712 775 cum
747 738 900 776 insulae
935 745 1092 783 essent3
1140 739 1373 778 Alexander

185 800 291 838 idem
303 814 374 851 per
385 800 464 838 duo
475 800 605 837 stadia
617 803 839 838 continenti
851 800 1012 838 adnecti
1029 804 1157 839 iussit.
1180 804 1369 839 interiere

186 865 291 900 intus
322 861 517 913 Daphnus
545 868 587 899 et
616 862 833 900 Hermesta
860 868 902 900 et
930 862 1110 913 Sipylum
1138 863 1245 914 quod
1273 870 1371 901 ante

184 925 363 962 Tantalis
394 925 628 970 vocabatur,
657 931 780 975 caput
813 924 1042 970 Maeoniae,
1073 925 1140 962 ubi
1172 939 1276 963 nunc
1309 932 1371 963 est

183 993 372 1038 stagnum
417 986 531 1031 Salc;
589 987 688 1024 obiit
733 993 775 1024 et
820 987 1106 1038 Archaeopolis
1150 988 1372 1026 substituta

185 1049 320 1100 Sipylo
339 1055 381 1086 et
399 1049 492 1086 inde
509 1049 567 1086 illi
585 1049 710 1099 Colpe
729 1056 771 1086 et
789 1048 880 1086 huic
900 1049 1066 1087 Libade.

238 1111 572 1162 Regredientibus
593 1111 686 1148 inde
706 1111 821 1148 abest
841 1113 899 1148 ,κ’-ιι
919 1124 958 1161 p.
981 1111 1031 1148 ab
1052 1112 1260 1149 Amazone
1280 1125 1369 1149 con-

184 1174 283 1218 dita,
303 1176 491 1210 restituta
519 1173 569 1210 ab
598 1173 845 1217 Alexandro,
873 1175 913 1210 in
941 1186 1010 1210 ora
1038 1172 1223 1224 Smyrna,
1251 1187 1370 1211 amne

187 1235 342 1273 Melete
380 1235 560 1286 gaudens
600 1249 679 1272 non
719 1235 856 1285 procul
893 1241 993 1272 orto.
1051 1241 1209 1272 montes
1250 1236 1371 1273 Asiae

185 1297 414 1334 nobilissimi
433 1300 473 1333 in
493 1296 566 1334 hoc
582 1303 715 1334 tractu
737 1296 822 1334 fere
842 1297 1047 1347 explicant
1067 1310 1132 1334 se:
1170 1296 1371 1334 Mastusia

184 1373 206 1395 a
222 1366 336 1409 tergo
351 1359 544 1410 Smyrnae
560 1365 601 1396 et
616 1359 812 1396 Termetis
829 1358 992 1409 Olympi
1007 1358 1207 1396 radicibus
1224 1361 1370 1396 iunctis

184 1424 222 1457 in
263 1422 446 1458 Dracone
485 1420 645 1464 desinit,
686 1421 818 1457 Draco
856 1423 896 1457 in
935 1420 1090 1464 Tmolo,
1127 1420 1290 1457 Tmolus
1331 1423 1371 1457 in

185 1482 352 1526 Cadmo,
388 1482 455 1520 ille
492 1485 530 1518 in
567 1482 709 1519 Tauro.
765 1495 787 1518 a
824 1482 994 1532 Smyrna
1031 1482 1205 1519 Hermus
1242 1484 1370 1519 amnis

182 1558 342 1594 campos
370 1543 494 1581 facitl
524 1550 566 1581 et
595 1547 743 1580 nomini
774 1557 844 1581 suo
864 1544 1046 1593 adoptat.
1101 1546 1225 1580 oritur
1254 1546 1370 1580 iuxta

184 1606 403 1656 Dorylaum
447 1605 646 1657 Phrygiae
686 1608 906 1649 civitatem,
948 1605 1176 1655 multosque
1216 1604 1370 1656 colligit

184 1668 334 1712 fluvios,
355 1670 459 1705 inter
479 1681 576 1718 quos
598 1667 798 1718 Phrygem
820 1669 886 1718 qui
908 1669 1068 1704 nomine
1087 1669 1201 1718 genti
1223 1665 1323 1704 dato
1346 1680 1370 1704 a

603 1747 616 1767 ¹
641 1751 736 1780 secat
752 1747 918 1789 Mayhoss.

226 1878 240 1893 ⁶
263 1874 317 1906 An
351 1874 525 1905 unknown
560 1876 676 1905 town:
725 1883 762 1905 or
796 1873 943 1914 perhaps
977 1872 1190 1911 ‘Termetis‚’
1224 1872 1370 1905 another

181 1922 414 2000 mqull'tesslihps
430 1959 490 1991 tho
506 1963 582 1990 text.
605 1959 728 1990 should
746 1959 787 1990 be
802 1958 934 1990 alwred
951 1962 987 1990 to
1010 1958 1088 1999 give
1105 1963 1112 1975 ‘
1125 1963 1201 1990 cuts
1218 1957 1368 2000 through

182 2003 241 2034 the
257 2003 366 2044 plains
383 2002 451 2034 and
467 2003 562 2043 gives
579 2002 673 2033 them
692 2003 736 2034 its
752 2002 876 2033 namo)

181 2066 252 2113 308

1510 261 1515 300 i

1510 313 1515 327 ⁴
