1515 2351
420 156 588 194 PLINY
602 170 611 194 z
663 155 929 194 NATURAL
965 154 1204 192 HISTORY

216 263 464 310 pantomimo
491 260 665 310 Mystico
688 265 776 296 turn
802 258 930 296 forma
953 257 1237 307 praecellente.
1290 262 1403 307 opta-

215 335 369 370 tissima
397 339 536 370 tamen
564 334 756 369 securitas
786 333 926 368 mortis
956 333 996 366 in
1028 330 1086 367 M.
1118 329 1237 367 Ofilio
1266 329 1403 367 Hilaro

134 410 195 440 185
219 405 270 441 ab
300 408 474 455 antiquis
503 405 702 442 traditur:
745 403 1041 440 comoediarum
1071 401 1210 439 histrio
1238 405 1285 447 is,
1313 415 1403 438 cum

216 477 365 527 populo
383 476 600 514 admodum
618 477 834 526 placuisset
853 475 977 512 natali
995 474 1059 512 die
1077 487 1148 512 suo
1165 477 1405 511 convivium-

217 562 295 600 que
313 548 500 593 haberet,
518 548 628 586 edita
646 561 746 586 cena
763 547 934 585 calidam
951 550 1157 597 potionem
1175 549 1216 583 in
1232 546 1405 597 pultario

216 625 412 672 poposcit,
453 621 652 672 simulque
694 633 908 671 personam
951 623 1034 657 eius
1077 619 1155 656 diei
1198 625 1404 669 acceptam

215 698 375 732 intuens
399 708 587 732 coronam
613 707 635 731 e
659 697 791 744 capite
815 706 887 730 suo
911 696 950 730 in
976 706 1065 730 eam
1088 692 1310 737 transtulit,
1333 692 1404 730 tali

217 766 357 805 habitu
392 771 525 818 rigens
561 767 672 804 nullo
705 769 924 810 sentiente,
957 765 1085 803 donec
1119 765 1404 802 adcubantium

216 853 436 891 proxumus
455 846 667 890 tepescere
687 842 893 889 potionem
914 838 1164 875 admoneret.

133 918 194 949 186
272 913 383 950 Haec
420 912 551 949 felicia
589 912 789 962 exempla,
825 917 867 948 at
902 916 1043 948 contra
1078 913 1313 948 miserorum
1349 913 1406 947 in-

217 999 405 1023 numera:
447 985 491 1022 L.
519 985 719 1022 Domitius
743 985 985 1021 clarissimae
1008 986 1141 1034 gentis
1165 983 1272 1033 apud
1299 984 1406 1020 Mas-

215 1059 345 1095 siliam
366 1061 508 1102 victus,
528 1057 688 1095 Corfinii
710 1063 850 1106 captus
872 1057 922 1093 ab
944 1055 1086 1093 eodem
1107 1056 1293 1100 Caesare,
1313 1069 1406 1092 ven-

217 1145 293 1169 eno
320 1137 416 1181 poto
443 1136 610 1180 propter
636 1130 816 1167 taedium
846 1132 965 1174 vitae,
992 1135 1206 1179 postquam
1234 1128 1406 1173 biberat,

217 1207 323 1241 omni
349 1217 424 1253 ope
451 1209 495 1240 ut
521 1206 675 1240 viveret
701 1202 860 1239 adnisus
887 1207 962 1239 est.
1017 1204 1218 1239 invenitur
1242 1203 1282 1237 in
1306 1204 1404 1238 actis

218 1276 351 1313 Felice
385 1279 510 1313 russei
544 1278 684 1325 auriga
718 1275 826 1311 elato
860 1277 899 1310 in
932 1287 1073 1324 rogum
1108 1276 1191 1311 eius
1226 1286 1349 1310 unum
1383 1286 1406 1311 e

218 1348 445 1386 faventibus
471 1351 610 1385 iecisse
635 1360 693 1392 se,
717 1347 903 1384 frivolum
929 1346 1055 1390 dictu,
1080 1359 1130 1383 ne
1156 1345 1229 1382 hoc
1253 1345 1405 1396 gloriae

216 1421 376 1458 artificis
392 1421 406 1445 ¹
434 1421 613 1465 daretur,
632 1420 807 1457 adversis
826 1419 967 1456 studiis
992 1421 1106 1468 copia
1131 1418 1298 1455 odorum
1322 1431 1407 1456 cor-

217 1500 381 1543 ruptum
419 1493 735 1531 criminantibus.
789 1505 880 1529 cum
920 1497 1015 1528 ante
1055 1504 1134 1528 non
1174 1491 1302 1528 multo
1345 1490 1402 1528 M.

219 1566 393 1616 Lepidus
433 1566 701 1603 nobilissimae
739 1567 889 1614 stirpis,
927 1577 1048 1614 quem
1086 1563 1232 1601 divorti
1270 1566 1406 1601 anxie-

218 1645 305 1676 tate
335 1639 507 1676 diximus
538 1644 758 1682 mortuum,
788 1637 973 1674 flammae
1005 1639 1040 1673 vi
1072 1649 1094 1673 e
1124 1649 1223 1686 rogo
1253 1639 1404 1673 eiectus

218 1711 378 1748 recondi
434 1717 600 1761 propter
654 1710 838 1747 ardorem
894 1722 972 1746 non
1026 1711 1239 1758 potuisset,
1292 1710 1406 1745 iuxta

216 1787 427 1820 sarmentis
445 1783 530 1820 aliis
547 1783 676 1819 nudus
692 1787 893 1819 crematus
912 1787 986 1818 est.

637 1875 647 1893 ¹
672 1873 797 1914 aurigis
813 1871 986 1914 Detlessen.

515 2015 528 2029 ⁸
550 2011 593 2041 49
611 2018 675 2041 uo.
955 2007 968 2027 ⁶
992 2007 1006 2045 ξ
1025 2008 1095 2039 122.

221 2073 293 2120 630
