1515 2351
131 992 192 1023 105

132 1362 191 1393 106

411 150 604 188 PLINY:
657 152 923 189 NATURAL
960 151 1200 190 HISTORY

267 254 416 292 Verum
429 257 470 291 in
482 254 542 292 his
558 261 653 292 sunt
665 255 829 305 quidem
842 258 1001 292 virtutis
1016 269 1139 306 opera
1154 269 1316 307 magna,
1330 256 1402 294 sed

212 318 361 352 maiora
390 315 599 353 fortunae:
647 315 704 352 M.
736 315 888 367 Sergio,
919 322 965 353 ut
994 316 1183 366 equidem
1214 318 1400 363 arbitror,

214 390 331 413 nemo
369 390 614 427 quemquam
651 376 858 414 hominum
894 379 979 414 iure
1016 377 1269 428 praetulerit,
1307 378 1403 416 licet

213 451 410 488 pronepos
432 438 605 475 Catilina
624 441 798 489 gratiam
819 441 968 475 nomini
989 438 1171 490 deroget.
1227 439 1402 477 secundo

212 499 414 549 stipendio
430 499 618 536 dextram
633 513 798 536 manum
814 499 1005 550 perdidit,
1021 500 1231 551 stipendiis
1247 500 1403 538 duobus

212 566 276 597 ter
311 566 354 597 et
388 563 507 597 vicies
543 560 774 597 vulneratus
810 567 887 606 est,
921 562 973 598 ob
1008 561 1049 598 id
1083 567 1228 598 neutra
1263 575 1400 607 manu,

212 627 356 658 neutro
379 622 484 672 pede
508 624 605 659 satis
630 622 751 666 utilis,
775 624 908 659 animo
932 628 1094 659 tantum
1117 620 1256 666 salvo‚1
1280 622 1402 672 pluri-

213 685 286 719 mis
303 689 445 733 postea
461 682 671 733 stipendiis
688 682 830 720 debilis
846 683 972 720 miles.
1028 684 1088 720 bis
1105 684 1156 720 ab
1174 683 1402 721 Hannibale

212 750 540 794 captus—neque
568 747 675 781 enim
701 758 793 781 cum
820 744 1001 795 quolibet
1027 743 1143 782 hoste
1170 758 1232 782 res
1260 744 1403 790 fuit—,

213 805 272 842 bis
308 805 552 842 vinculorum
589 807 672 842 eius
707 804 913 855 profugus,
947 808 987 842 in
1023 807 1164 855 viginti
1199 806 1402 843 mensibus

214 865 321 902 nullo
346 879 425 902 non
450 865 515 903 die
540 868 581 902 in
605 868 758 902 catenis
784 871 855 903 aut
879 866 1140 916 compedibus
1165 865 1402 903 custoditus.

213 929 372 964 sinistra
405 940 527 964 manu
561 927 644 964 sola
678 933 823 978 quater
855 930 1065 978 pugnavit,
1099 927 1254 964 duobus
1289 930 1403 978 equis

215 988 415 1026 insidente
447 1002 495 1026 eo
526 987 711 1026 suffossis.
767 988 953 1025 dextram
984 989 1058 1025 sibi
1090 987 1262 1026 ferream
1293 987 1404 1034 fecit,

213 1063 342 1100 eaque
399 1050 569 1100 religata
624 1049 841 1100 proeliatus
898 1049 1137 1086 Cremonam
1193 1049 1402 1088 obsidione

214 1114 380 1156 exemit,
425 1110 673 1149 Placentiam
718 1116 876 1148 tutatus
921 1116 997 1155 est,
1041 1110 1229 1148 duodena
1271 1117 1404 1148 eastra

212 1172 387 1210 hostium
408 1176 448 1209 in
470 1172 600 1209 Gallia
620 1175 742 1224 cepit,
763 1186 867 1223 quae
888 1174 1022 1209 omnia
1043 1185 1093 1209 ex
1114 1174 1296 1210 oratione
1318 1175 1402 1210 eius

213 1241 410 1285 apparent
436 1233 575 1271 habita
601 1247 692 1271 cum
719 1236 759 1270 in
784 1240 976 1285 praetura
1001 1236 1122 1271 sacris
1149 1239 1354 1271 arceretur
1380 1247 1404 1271 a

212 1296 374 1347 collegis
400 1302 444 1333 ut
470 1296 625 1341 debilis,
651 1309 750 1346 quos
774 1295 838 1333 hic
863 1309 1099 1333 coronarum
1124 1308 1286 1332 acervos
1311 1309 1403 1333 eon-

215 1363 438 1394 structurus
470 1356 586 1394 hoste
618 1357 798 1394 mutato!
846 1359 998 1394 etenim
1030 1356 1246 1407 plurimum
1277 1355 1403 1394 refert

212 1422 252 1456 in
291 1432 394 1469 quae
433 1422 625 1469 cuiusque
665 1421 789 1455 virtus
828 1425 1013 1469 tempora
1051 1418 1248 1455 inciderit.
1304 1430 1403 1469 quas

212 1481 358 1518 Trebia
394 1480 604 1518 Ticinusve
643 1486 713 1517 aut
750 1480 1006 1517 Trasimenus
1043 1482 1186 1517 civicas
1224 1479 1402 1517 dedere?

214 1555 317 1593 quae
355 1542 501 1579 Cannis
537 1555 682 1579 corona
718 1544 876 1586 merita,
913 1541 1020 1578 unde
1056 1540 1206 1591 fugisse
1243 1543 1402 1578 virtutis

213 1616 413 1640 summum
429 1616 528 1653 opus
543 1602 619 1640 fuit
633 1603 647 1639 ?
675 1605 800 1640 ceteri
815 1601 997 1653 profecto
1012 1604 1182 1639 victores
1196 1600 1403 1639 hominum

214 1664 341 1709 fuere,
362 1664 524 1715 Sergius
545 1667 639 1701 vicit
661 1667 785 1701 etiarn
806 1663 1022 1701 fortunam.

329 1745 342 1765 ¹
366 1745 532 1787 Dellessen
547 1757 554 1776 :
585 1755 655 1776 uno
672 1749 811 1776 tantum
827 1755 928 1776 servo
944 1744 1075 1785 (salvus
1093 1743 1274 1784 Maykoff).

252 1857 266 1871 ⁰
288 1852 360 1883 The
378 1852 458 1883 four
479 1851 614 1883 defeats
636 1851 675 1882 os
694 1851 752 1882 the
776 1850 912 1882 Roman
933 1851 1058 1882 armies
1076 1849 1157 1881 with
1176 1849 1288 1881 which
1306 1848 1401 1881 Han-

211 1895 334 1926 nibal's
352 1895 511 1926 invasion
531 1895 653 1936 began,
671 1894 822 1925 218-216
842 1903 905 1925 13.c.
952 1893 1000 1925 At
1017 1893 1076 1925 the
1093 1893 1161 1924 last
1177 1892 1217 1924 of
1236 1892 1296 1924 the
1312 1892 1400 1930 four,

209 1938 358 1973 Cannae.
382 1949 445 1969 ono
467 1937 587 1969 consul
611 1937 680 1973 fell,
704 1937 772 1968 and
792 1937 850 1968 the
875 1936 984 1973 other,
1009 1936 1127 1973 Varro,
1149 1934 1295 1976 escaped
1317 1935 1400 1967 with

211 1981 270 2012 the
296 1985 455 2012 remnant
481 1981 520 2012 os
541 1981 594 2012 his
620 1980 740 2017 forces,
764 1980 832 2011 and
859 1979 1063 2011 afterwards
1084 1989 1154 2010 was
1175 1977 1330 2010 thanked
1354 1977 1401 2020 by

212 2024 270 2055 the
286 2024 413 2056 Senato
431 2024 484 2055 sor
500 2027 565 2055 not
580 2023 778 2065 despairing
795 2023 835 2054 of
849 2023 908 2054 the
924 2022 1035 2054 State.

221 2096 291 2134 574
