1515 2351
114 695 154 725 14

115 1277 153 1307 15

384 133 550 172 PLINY
565 148 573 171 :
626 135 890 173 NATURAL
927 135 1164 173 HISTORY

180 252 273 276 men
303 237 470 275 tradunt
504 240 545 275 in
578 251 647 275 ora
682 238 733 275 ab
770 237 882 276 Salat
919 240 965 275 (ἶ,
1001 238 1150 276 flumen
1189 239 1364 277 Asanam

182 306 334 339 marino
368 301 516 339 haustu
550 302 621 339 sed
657 308 775 353 portu
810 302 1045 353 spectabile,
1074 316 1168 340 mox
1203 317 1363 341 amnem

182 380 302 418 quem
323 373 465 404 vocant
488 366 579 412 Fut,
600 367 650 403 ab
671 380 719 403 eo
739 367 788 404 ad
810 366 1069 404 Dirim—hoc
1085 370 1192 404 enim
1209 367 1364 405 Atlanti

180 444 327 468 nomen
344 444 430 468 esse
447 444 582 468 eorum
600 430 736 482 lingua
751 434 1053 476 convenit—66,
1069 434 1364 470 interveniente

181 495 343 533 flumine
367 498 430 532 cui
454 508 601 532 nomen
625 502 686 532 est
712 495 823 540 Ivor3
852 496 907 532 ibi
922 509 1051 546 pauca
1066 496 1081 519 ¹
1098 502 1238 534 extare
1261 499 1365 534 circa

181 562 350 610 vestigia
381 559 552 596 habitati
584 559 786 610 quondam
816 559 903 605 soli,
934 562 1140 597 vinearum
1169 560 1363 611 palmeto-

179 637 348 674 rumque
368 624 566 674 reliquias.

231 687 444 726 Suetonius
499 686 700 734 Paulinus,
753 701 874 739 quem
925 688 1130 726 consulem
1182 689 1365 735 vidimus,

180 756 329 804 primus
377 753 647 790 Romanorum
694 753 842 790 ducum
887 759 1158 805 transgressus
1205 767 1364 804 quoque

181 817 390 855 Atlantem
416 817 568 868 aliquot
592 817 745 854 milium
769 820 900 868 spatio
923 817 1101 868 prodidit
1124 818 1176 855 de
1201 818 1366 856 excelsi-

180 889 267 920 tate
300 882 462 932 quidem
495 885 579 919 eius
611 895 714 933 quae
745 885 886 927 ceteri,
916 885 1016 919 imas
1046 882 1202 920 radices
1231 882 1365 922 densis

181 947 351 997 altisque
387 946 562 997 repletas
599 946 703 983 silvis
740 949 944 998 incognito
978 960 1128 998 genere
1165 947 1365 993 arborum,

181 1014 463 1063 proceritatem
489 1011 751 1062 spectabilem
777 1025 864 1049 esse
890 1011 1009 1049 enodi
1034 1014 1179 1057 nitore,
1203 1011 1364 1050 frondes

180 1078 354 1126 cupressi
379 1075 526 1113 similes
549 1082 835 1126 praeterquam
857 1079 1058 1130 gravitate
1082 1076 1228 1122 odoris,
1251 1079 1363 1114 tenui

182 1154 249 1178 eas
270 1141 414 1178 obduci
434 1140 637 1190 lanugine,
659 1141 802 1191 quibus
823 1141 963 1178 addita
983 1147 1070 1178 arte
1090 1154 1206 1192 posse
1227 1141 1364 1192 quales

181 1219 204 1242 e
246 1206 441 1256 bombyce
485 1211 616 1242 vestes
657 1205 808 1242 confici.
874 1208 1067 1242 verticem
1109 1205 1200 1243 altis
1241 1208 1363 1244 etiam

181 1276 338 1307 aestate
371 1272 515 1321 operiri
549 1270 714 1307 nivibus.
770 1269 949 1307 decumis
981 1283 1023 1307 se
1057 1283 1105 1307 eo
1137 1273 1363 1321 pervenisse

181 1337 320 1372 castris
344 1340 386 1372 et
410 1334 513 1371 ultra
538 1334 588 1371 ad
612 1333 774 1371 fluvium
800 1337 865 1385 qui
891 1334 973 1371 Ger
996 1340 1161 1372 vocatur
1182 1348 1255 1385 per
1277 1335 1364 1372 soli-

181 1400 343 1437 tudines
374 1401 474 1449 nigri
505 1399 692 1450 pulveris,
723 1399 992 1437 eminentibus
1022 1399 1226 1436 interdum
1255 1399 1364 1438 velut

181 1467 334 1502 exustis
347 1464 546 1508 cautibus,
561 1463 644 1501 loca
661 1463 936 1501 inhabitabilia
951 1463 1105 1501 fervore
1121 1477 1363 1514 quamquam

181 1527 348 1565 hiberno
373 1535 556 1578 ternpore
577 1534 757 1578 experto.
813 1530 878 1578 qui
909 1530 1108 1578 proximos
1137 1528 1364 1566 inhabitent
1430 1579 1433 1581 -

181 1592 305 1630 saltus
347 1591 516 1629 refertos
558 1591 863 1643 elephantorum
906 1591 1160 1642 ferarumque
1203 1598 1245 1630 et
1284 1605 1364 1630 scr-

181 1659 363 1708 pentium
404 1659 510 1693 omni
549 1670 699 1707 genere
741 1656 930 1693 Canarios
970 1655 1176 1707 appellari,
1216 1659 1363 1707 quippe

402 1753 415 1773 ¹
439 1753 614 1794 Mayhoff:
641 1753 686 1784 ibi
704 1753 795 1790 savo,
812 1752 860 1784 ibi
876 1752 969 1784 fama
987 1758 1015 1785 et
1031 1753 1114 1785 alia.

225 1915 239 1930 ⁰
261 1911 333 1942 The
349 1910 488 1942 modern
509 1910 634 1941 Daran.

227 1954 239 1973 ⁶
262 1953 386 1985 Consul
411 1954 452 1984 66
477 1963 561 1990 A.D.,
587 1957 788 1993 propraetor
811 1953 845 1983 in
870 1952 1085 1984 Mauretania
1108 1953 1151 1984 42
1176 1961 1267 1989 Α.ι).;
1303 1952 1363 1984 tho

179 1997 292 2028 father
309 1996 347 2028 of
361 1996 420 2027 the
439 1996 640 2037 biographer
657 1995 695 2027 of
709 1995 767 2027 the
784 1995 934 2027 Caesam.

184 2059 254 2095 228
