1515 2351
397 131 588 169 PLINY:
641 132 906 169 NATURAL
944 132 1181 171 HISTORY

197 235 436 279 Moschicus,
459 236 740 279 Amazonicus,
762 234 992 279 Coraxicus,
1014 233 1222 286 Scythicus
1246 237 1383 287 appel·

194 309 313 352 latus,
331 311 370 345 in
389 311 618 346 universum
637 321 731 345 vero
749 307 906 345 Graece
923 307 1155 346 Ceraunius.

116 385 174 416 100
247 380 439 418 XXVIII.
470 380 516 418 In
565 380 689 431 Lycia
735 382 858 431 igitur
904 393 927 417 a
974 384 1250 430 promunturio
1299 385 1382 420 eius

194 454 385 503 oppidum
410 453 586 498 Simena,
610 466 723 490 mons
749 452 963 490 Chimaera
987 454 1171 491 noctibus
1196 454 1383 505 flagrans,

194 525 488 576 Hephaestium
509 529 648 563 civitas
670 531 712 563 et
733 528 819 576 ipsa
838 539 961 576 saepe
982 525 1246 577 flagrantibus
1267 529 1381 578 iugis.

193 599 385 649 oppidum
430 599 626 650 Olympus
671 599 725 636 ibi
770 598 861 643 fuit,
905 611 1009 636 nunc
1053 605 1148 637 sunt
1191 606 1384 638 montana

194 672 348 721 Gagae,
378 671 607 722 Corydalla,
637 671 907 722 Rhodiopolis,
937 674 1051 709 iuxta
1080 685 1191 710 mare
1222 672 1383 724 Limyra

189 758 280 781 cum
321 757 438 782 amne
479 747 520 781 in
559 758 680 795 quem
720 744 958 795 Arycandus
999 744 1143 787 influit,
1188 750 1230 783 et
1270 759 1382 783 mons

196 817 419 862 Masicitus,
445 817 598 855 Andria
623 820 777 861 civitas,
805 817 940 868 Myra,
966 817 1115 867 oppida
1140 818 1315 868 Aperiae
1342 825 1384 856 et

195 889 448 940 Antiphellos
502 903 605 941 quae
659 890 863 941 quondam
918 890 1114 935 Habesos,
1167 897 1291 942 atque
1344 894 1383 928 in

194 977 350 1001 recessu
385 962 555 1001 Phellos.
611 963 705 1001 dein
740 962 892 1014 Pyrrha
926 966 1106 1014 itemque
1140 963 1326 1001 Xanthus
1361 978 1383 1001 a

193 1039 292 1073 mari
313 1039 378 1080 fv,
396 1036 627 1087 flumenque
657 1036 801 1074 eodem
831 1039 1014 1080 nomine3
1047 1036 1194 1074 deinde
1224 1036 1384 1082 Patara,

195 1123 298 1160 quae
329 1113 434 1159 prius
467 1109 646 1154 Pataros,
676 1115 718 1147 et
748 1112 787 1146 in
818 1115 956 1146 monte
986 1108 1166 1160 Sidyma,
1195 1123 1384 1160 promun-

117 1187 172 1218 101
195 1186 344 1220 turium
376 1183 540 1233 Cragus.
597 1182 702 1220 ultra
731 1196 803 1232 par
833 1185 940 1220 sinus
971 1185 1112 1233 priori3
1157 1183 1211 1220 ibi
1242 1182 1385 1221 Pinara

195 1262 236 1294 et
253 1270 356 1306 quae
375 1256 538 1307 Lyciam
556 1256 642 1293 finit
657 1255 895 1293 Telmessus.
954 1255 1077 1306 Lycia
1092 1268 1164 1293 mo<
1179 1257 1385 1307 quondam

195 1330 341 1379 oppida
360 1329 516 1373 habuit,
535 1343 639 1366 nunc
659 1341 774 1366 xxxvx
793 1327 941 1373 habet3
976 1342 1026 1366 ex
1045 1327 1104 1366 his
1123 1329 1386 1367 celeberrima

194 1409 356 1452 praeter
389 1416 509 1452 supra
543 1403 651 1440 dicta
685 1402 831 1447 Canas,
865 1401 1061 1453 Candyba
1096 1402 1164 1440 ubi
1197 1402 1386 1440 laudatur

195 1476 343 1513 Eunias
369 1489 524 1520 nemus,
550 1476 728 1520 Podalia,
752 1474 907 1513 Choma
931 1475 1183 1526 praefluente
1208 1476 1384 1522 Aedesa,

195 1549 398 1600 Cyaneae,
422 1549 769 1593 Ascandiandalis,
794 1548 973 1594 Amelzzs,
999 1548 1255 1599 Noscopium,
1279 1550 1385 1595 Tlos,

194 1623 428 1660 Telandrus.
483 1621 775 1672 conprehendit
799 1624 840 1659 in
862 1622 1167 1660 mediterraneis
1192 1628 1234 1660 et
1258 1622 1386 1661 Caba-

198 1695 306 1739 liam,
338 1698 449 1732 cuius
483 1701 564 1732 tres
599 1695 717 1732 urbes
752 1694 977 1739 Oenianda,
1010 1694 1197 1740 Balbura,
1230 1695 1383 1733 Bubon.

118 1773 176 1804 102
197 1782 220 1805 a
238 1768 442 1805 Telmesso
462 1768 685 1805 Asiaticum
705 1781 816 1805 mare
834 1770 916 1805 sive
936 1767 1200 1818 Carpathium
1219 1774 1261 1806 et
1280 1782 1384 1819 quae

200 1844 357 1891 proprie
382 1846 546 1878 vocatur
566 1841 675 1878 Asia.
730 1843 769 1877 in
799 1840 899 1878 duas
928 1853 1019 1878 earn
1043 1847 1179 1891 partes
1203 1841 1385 1892 Agrippa

199 1913 344 1951 divisit.
400 1926 521 1950 unam
547 1913 705 1950 inclusit
731 1913 782 1949 ab
808 1916 964 1951 oriente
990 1913 1164 1964 Phrygia
1190 1919 1231 1951 et
1260 1914 1385 1965 Lyca-

199 1989 304 2030 onia,
323 1986 373 2023 ab
393 1985 602 2023 occidente
620 1986 786 2037 Aegaeo
805 1989 918 2030 mari,
937 2000 959 2023 a
978 1986 1146 2024 meridie
1164 1987 1384 2038 Aegyptio,

198 2053 267 2100 296
