<?xml version="1.0" encoding="UTF-8"?>
<!DOCTYPE html PUBLIC "-//W3C//DTD XHTML 1.0 Transitional//EN"
    "http://www.w3.org/TR/xhtml1/DTD/xhtml1-transitional.dtd">
<html xmlns="http://www.w3.org/1999/xhtml" xml:lang="en" lang="en">
 <head>
  <title>
</title>
<meta http-equiv="Content-Type" content="text/html;charset=utf-8" />
  <meta name='ocr-system' content='tesseract 3.04.00' />
  <meta name='ocr-capabilities' content='ocr_page ocr_carea ocr_par ocr_line ocrx_word'/>
</head>
<body>
  <div class='ocr_page' id='page_1' title='image "./naturalhistory02plinuoft/naturalhistory02plinuoft_0522.png"; bbox 0 0 1515 2351; ppageno 0'>
   <div class='ocr_carea' id='block_1_1' title="bbox 621 555 966 602">
    <p class='ocr_par' dir='ltr' id='par_1_1' title="bbox 621 555 966 602">
     <span class='ocr_line' id='line_1_1' title="bbox 621 555 966 602; baseline 0 0"><span class='ocrx_word' id='word_1_1' title='bbox 621 555 825 602; x_wconf 89' lang='lat' dir='ltr'><strong>LIBER</strong></span> <span class='ocrx_word' id='word_1_2' title='bbox 873 556 966 602; x_wconf 92' lang='lat' dir='ltr'>VII</span> 
     </span>
    </p>
   </div>
   <div class='ocr_carea' id='block_1_2' title="bbox 197 669 1425 1739">
    <p class='ocr_par' dir='ltr' id='par_1_2' title="bbox 197 669 1425 1739">
     <span class='ocr_line' id='line_1_2' title="bbox 289 669 1425 722; baseline 0 -14"><span class='ocrx_word' id='word_1_3' title='bbox 289 670 468 709; x_wconf 88' lang='lat' dir='ltr'>Mundus</span> <span class='ocrx_word' id='word_1_4' title='bbox 500 677 542 708; x_wconf 84' lang='lat' dir='ltr'>et</span> <span class='ocrx_word' id='word_1_5' title='bbox 565 674 605 708; x_wconf 92' lang='lat' dir='ltr'>in</span> <span class='ocrx_word' id='word_1_6' title='bbox 629 685 677 709; x_wconf 90' lang='lat' dir='ltr'>eo</span> <span class='ocrx_word' id='word_1_7' title='bbox 700 677 847 715; x_wconf 79' lang='lat' dir='ltr'>terrae,</span> <span class='ocrx_word' id='word_1_8' title='bbox 871 677 1030 722; x_wconf 84' lang='lat' dir='ltr'><strong>gentes,</strong></span> <span class='ocrx_word' id='word_1_9' title='bbox 1062 673 1201 716; x_wconf 88' lang='lat' dir='ltr'>maria,</span> <span class='ocrx_word' id='word_1_10' title='bbox 1232 669 1425 708; x_wconf 87' lang='lat' dir='ltr'>flumina1</span> 
     </span>
     <span class='ocr_line' id='line_1_3' title="bbox 235 724 1375 776; baseline 0 -14"><span class='ocrx_word' id='word_1_11' title='bbox 235 727 418 776; x_wconf 84' lang='lat' dir='ltr'>insignia,</span> <span class='ocrx_word' id='word_1_12' title='bbox 440 725 606 769; x_wconf 88' lang='lat' dir='ltr'>insulae,</span> <span class='ocrx_word' id='word_1_13' title='bbox 627 725 745 762; x_wconf 90' lang='lat' dir='ltr'>urbes</span> <span class='ocrx_word' id='word_1_14' title='bbox 766 725 817 762; x_wconf 89' lang='lat' dir='ltr'>ad</span> <span class='ocrx_word' id='word_1_15' title='bbox 837 724 942 762; x_wconf 86' lang='lat' dir='ltr'>hunc</span> <span class='ocrx_word' id='word_1_16' title='bbox 962 725 1126 762; x_wconf 90' lang='lat' dir='ltr'>modum</span> <span class='ocrx_word' id='word_1_17' title='bbox 1146 739 1188 762; x_wconf 89' lang='lat' dir='ltr'>se</span> <span class='ocrx_word' id='word_1_18' title='bbox 1209 724 1375 762; x_wconf 86' lang='lat' dir='ltr'>habent.</span> 
     </span>
     <span class='ocr_line' id='line_1_4' title="bbox 288 778 1423 829; baseline 0 -14"><span class='ocrx_word' id='word_1_19' title='bbox 288 779 566 815; x_wconf 76' lang='lat' dir='ltr'>Animantium</span> <span class='ocrx_word' id='word_1_20' title='bbox 590 781 631 816; x_wconf 90' lang='lat' dir='ltr'>in</span> <span class='ocrx_word' id='word_1_21' title='bbox 655 778 799 816; x_wconf 91' lang='lat' dir='ltr'>eodem</span> <span class='ocrx_word' id='word_1_22' title='bbox 823 785 967 816; x_wconf 85' lang='lat' dir='ltr'>natura</span> <span class='ocrx_word' id='word_1_23' title='bbox 987 778 1132 815; x_wconf 85' lang='lat' dir='ltr'>nullius</span> <span class='ocrx_word' id='word_1_24' title='bbox 1151 792 1276 829; x_wconf 85' lang='lat' dir='ltr'>prope</span> <span class='ocrx_word' id='word_1_25' title='bbox 1299 781 1423 829; x_wconf 82' lang='lat' dir='ltr'>partis</span> 
     </span>
     <span class='ocr_line' id='line_1_5' title="bbox 237 831 1423 883; baseline -0.001 -14"><span class='ocrx_word' id='word_1_26' title='bbox 237 832 578 883; x_wconf 82' lang='lat' dir='ltr'><strong>contemplatione</strong></span> <span class='ocrx_word' id='word_1_27' title='bbox 619 834 748 869; x_wconf 89' lang='lat' dir='ltr'>minor</span> <span class='ocrx_word' id='word_1_28' title='bbox 789 837 864 876; x_wconf 82' lang='lat' dir='ltr'>est,</span> <span class='ocrx_word' id='word_1_29' title='bbox 905 835 982 869; x_wconf 82' lang='lat' dir='ltr'>etsi</span> <span class='ocrx_word' id='word_1_30' title='bbox 1024 845 1074 869; x_wconf 90' lang='lat' dir='ltr'>ne</span> <span class='ocrx_word' id='word_1_31' title='bbox 1115 831 1210 869; x_wconf 88' lang='lat' dir='ltr'>hic²</span> <span class='ocrx_word' id='word_1_32' title='bbox 1261 832 1423 882; x_wconf 91' lang='lat' dir='ltr'>quidem</span> 
     </span>
     <span class='ocr_line' id='line_1_6' title="bbox 237 885 1129 936; baseline -0.001 -13"><span class='ocrx_word' id='word_1_33' title='bbox 237 888 370 923; x_wconf 86' lang='lat' dir='ltr'>omnia</span> <span class='ocrx_word' id='word_1_34' title='bbox 391 888 556 936; x_wconf 81' lang='lat' dir='ltr'>exsequi</span> <span class='ocrx_word' id='word_1_35' title='bbox 577 886 775 923; x_wconf 86' lang='lat' dir='ltr'>humanus</span> <span class='ocrx_word' id='word_1_36' title='bbox 796 888 951 923; x_wconf 86' lang='lat' dir='ltr'>animus</span> <span class='ocrx_word' id='word_1_37' title='bbox 972 885 1129 935; x_wconf 82' lang='lat' dir='ltr'>queat.³</span> 
     </span>
     <span class='ocr_line' id='line_1_7' title="bbox 289 938 1422 989; baseline 0.001 -14"><span class='ocrx_word' id='word_1_38' title='bbox 289 938 529 989; x_wconf 86' lang='lat' dir='ltr'>Principium</span> <span class='ocrx_word' id='word_1_39' title='bbox 576 942 661 976; x_wconf 87' lang='lat' dir='ltr'>iure</span> <span class='ocrx_word' id='word_1_40' title='bbox 701 940 907 976; x_wconf 84' lang='lat' dir='ltr'>tribuetur</span> <span class='ocrx_word' id='word_1_41' title='bbox 946 938 1110 982; x_wconf 87' lang='lat' dir='ltr'>homini,</span> <span class='ocrx_word' id='word_1_42' title='bbox 1151 941 1261 976; x_wconf 85' lang='lat' dir='ltr'>cuius</span> <span class='ocrx_word' id='word_1_43' title='bbox 1301 952 1422 976; x_wconf 88' lang='lat' dir='ltr'>causa</span> 
     </span>
     <span class='ocr_line' id='line_1_8' title="bbox 237 991 1422 1043; baseline 0 -14"><span class='ocrx_word' id='word_1_44' title='bbox 237 992 394 1030; x_wconf 85' lang='lat' dir='ltr'>videtur</span> <span class='ocrx_word' id='word_1_45' title='bbox 422 998 567 1029; x_wconf 83' lang='lat' dir='ltr'>cuncta</span> <span class='ocrx_word' id='word_1_46' title='bbox 597 992 673 1029; x_wconf 86' lang='lat' dir='ltr'>alia</span> <span class='ocrx_word' id='word_1_47' title='bbox 705 995 891 1043; x_wconf 84' lang='lat' dir='ltr'>genuisse</span> <span class='ocrx_word' id='word_1_48' title='bbox 921 998 1066 1030; x_wconf 86' lang='lat' dir='ltr'>natura</span> <span class='ocrx_word' id='word_1_49' title='bbox 1095 991 1274 1043; x_wconf 76' lang='lat' dir='ltr'>magna‚⁴</span> <span class='ocrx_word' id='word_1_50' title='bbox 1301 1005 1422 1030; x_wconf 89' lang='lat' dir='ltr'>saeva</span> 
     </span>
     <span class='ocr_line' id='line_1_9' title="bbox 235 1046 1423 1090; baseline 0 -7"><span class='ocrx_word' id='word_1_51' title='bbox 235 1046 420 1084; x_wconf 88' lang='lat' dir='ltr'>mercede</span> <span class='ocrx_word' id='word_1_52' title='bbox 447 1052 587 1083; x_wconf 83' lang='lat' dir='ltr'>contra</span> <span class='ocrx_word' id='word_1_53' title='bbox 614 1052 730 1083; x_wconf 84' lang='lat' dir='ltr'>tanta</span> <span class='ocrx_word' id='word_1_54' title='bbox 757 1060 828 1083; x_wconf 88' lang='lat' dir='ltr'>sua</span> <span class='ocrx_word' id='word_1_55' title='bbox 856 1059 1037 1090; x_wconf 87' lang='lat' dir='ltr'>munera,</span> <span class='ocrx_word' id='word_1_56' title='bbox 1066 1052 1111 1082; x_wconf 83' lang='lat' dir='ltr'>ut</span> <span class='ocrx_word' id='word_1_57' title='bbox 1138 1059 1218 1083; x_wconf 90' lang='lat' dir='ltr'>non</span> <span class='ocrx_word' id='word_1_58' title='bbox 1245 1048 1299 1083; x_wconf 86' lang='lat' dir='ltr'>sit</span> <span class='ocrx_word' id='word_1_59' title='bbox 1325 1048 1423 1083; x_wconf 84' lang='lat' dir='ltr'>satis</span> 
     </span>
     <span class='ocr_line' id='line_1_10' title="bbox 234 1099 1423 1150; baseline -0.001 -13"><span class='ocrx_word' id='word_1_60' title='bbox 234 1102 462 1144; x_wconf 85' lang='lat' dir='ltr'>aestimare,</span> <span class='ocrx_word' id='word_1_61' title='bbox 487 1113 631 1150; x_wconf 88' lang='lat' dir='ltr'>parens</span> <span class='ocrx_word' id='word_1_62' title='bbox 657 1099 796 1137; x_wconf 89' lang='lat' dir='ltr'>melior</span> <span class='ocrx_word' id='word_1_63' title='bbox 821 1099 969 1136; x_wconf 89' lang='lat' dir='ltr'>homini</span> <span class='ocrx_word' id='word_1_64' title='bbox 997 1113 1047 1136; x_wconf 89' lang='lat' dir='ltr'>an</span> <span class='ocrx_word' id='word_1_65' title='bbox 1075 1101 1226 1136; x_wconf 86' lang='lat' dir='ltr'>tristior</span> <span class='ocrx_word' id='word_1_66' title='bbox 1250 1112 1423 1137; x_wconf 90' lang='lat' dir='ltr'>noverca</span> 
     </span>
     <span class='ocr_line' id='line_1_11' title="bbox 198 1153 1423 1191; baseline 0.001 -2"><span class='ocrx_word' id='word_1_67' title='bbox 198 1153 370 1191; x_wconf 84' lang='lat' dir='ltr'>2fuerit.</span> <span class='ocrx_word' id='word_1_68' title='bbox 425 1159 520 1191; x_wconf 83' lang='lat' dir='ltr'>ante</span> <span class='ocrx_word' id='word_1_69' title='bbox 556 1156 690 1190; x_wconf 90' lang='lat' dir='ltr'>omnia</span> <span class='ocrx_word' id='word_1_70' title='bbox 727 1167 850 1190; x_wconf 90' lang='lat' dir='ltr'>unum</span> <span class='ocrx_word' id='word_1_71' title='bbox 887 1155 1153 1190; x_wconf 82' lang='lat' dir='ltr'>animantium</span> <span class='ocrx_word' id='word_1_72' title='bbox 1187 1158 1423 1190; x_wconf 86' lang='lat' dir='ltr'>cunctorum</span> 
     </span>
     <span class='ocr_line' id='line_1_12' title="bbox 235 1207 1424 1257; baseline 0 -13"><span class='ocrx_word' id='word_1_73' title='bbox 235 1207 372 1244; x_wconf 89' lang='lat' dir='ltr'>alienis</span> <span class='ocrx_word' id='word_1_74' title='bbox 400 1207 507 1244; x_wconf 84' lang='lat' dir='ltr'>velat</span> <span class='ocrx_word' id='word_1_75' title='bbox 527 1208 681 1257; x_wconf 82' lang='lat' dir='ltr'>opibus,</span> <span class='ocrx_word' id='word_1_76' title='bbox 703 1209 848 1244; x_wconf 87' lang='lat' dir='ltr'>ceteris</span> <span class='ocrx_word' id='word_1_77' title='bbox 876 1209 982 1243; x_wconf 80' lang='lat' dir='ltr'>varie</span> <span class='ocrx_word' id='word_1_78' title='bbox 1011 1209 1238 1257; x_wconf 83' lang='lat' dir='ltr'>tegimenta</span> <span class='ocrx_word' id='word_1_79' title='bbox 1267 1207 1424 1252; x_wconf 82' lang='lat' dir='ltr'><strong>tribuit,</strong></span> 
     </span>
     <span class='ocr_line' id='line_1_13' title="bbox 235 1260 1423 1312; baseline -0.001 -14"><span class='ocrx_word' id='word_1_80' title='bbox 235 1267 376 1305; x_wconf 85' lang='lat' dir='ltr'>testas,</span> <span class='ocrx_word' id='word_1_81' title='bbox 410 1263 592 1305; x_wconf 85' lang='lat' dir='ltr'>cortices,</span> <span class='ocrx_word' id='word_1_82' title='bbox 627 1263 775 1312; x_wconf 89' lang='lat' dir='ltr'>spinas,</span> <span class='ocrx_word' id='word_1_83' title='bbox 810 1263 930 1304; x_wconf 84' lang='lat' dir='ltr'>coria,</span> <span class='ocrx_word' id='word_1_84' title='bbox 966 1260 1090 1305; x_wconf 85' lang='lat' dir='ltr'>villos,</span> <span class='ocrx_word' id='word_1_85' title='bbox 1125 1265 1273 1304; x_wconf 81' lang='lat' dir='ltr'>saetas,</span> <span class='ocrx_word' id='word_1_86' title='bbox 1307 1260 1423 1311; x_wconf 89' lang='lat' dir='ltr'>pilos,</span> 
     </span>
     <span class='ocr_line' id='line_1_14' title="bbox 234 1313 1420 1365; baseline 0 -14"><span class='ocrx_word' id='word_1_87' title='bbox 234 1314 426 1365; x_wconf 87' lang='lat' dir='ltr'>plumam,</span> <span class='ocrx_word' id='word_1_88' title='bbox 467 1317 623 1364; x_wconf 74' lang='lat' dir='ltr'>pinnas,</span> <span class='ocrx_word' id='word_1_89' title='bbox 654 1327 854 1364; x_wconf 86' lang='lat' dir='ltr'>squamas,</span> <span class='ocrx_word' id='word_1_90' title='bbox 889 1313 1057 1358; x_wconf 84' lang='lat' dir='ltr'>vellera;</span> <span class='ocrx_word' id='word_1_91' title='bbox 1099 1319 1261 1351; x_wconf 84' lang='lat' dir='ltr'>truncos</span> <span class='ocrx_word' id='word_1_92' title='bbox 1296 1316 1420 1351; x_wconf 89' lang='lat' dir='ltr'>etiam</span> 
     </span>
     <span class='ocr_line' id='line_1_15' title="bbox 235 1366 1424 1418; baseline 0 -14"><span class='ocrx_word' id='word_1_93' title='bbox 235 1368 476 1418; x_wconf 85' lang='lat' dir='ltr'>arboresque</span> <span class='ocrx_word' id='word_1_94' title='bbox 497 1371 660 1412; x_wconf 83' lang='lat' dir='ltr'>cortice,</span> <span class='ocrx_word' id='word_1_95' title='bbox 681 1367 884 1405; x_wconf 86' lang='lat' dir='ltr'>interdum</span> <span class='ocrx_word' id='word_1_96' title='bbox 906 1370 1082 1418; x_wconf 87' lang='lat' dir='ltr'>gemino,</span> <span class='ocrx_word' id='word_1_97' title='bbox 1103 1380 1127 1404; x_wconf 88' lang='lat' dir='ltr'>a</span> <span class='ocrx_word' id='word_1_98' title='bbox 1147 1366 1359 1418; x_wconf 81' lang='lat' dir='ltr'>frigoribus</span> <span class='ocrx_word' id='word_1_99' title='bbox 1382 1373 1424 1405; x_wconf 85' lang='lat' dir='ltr'>et</span> 
     </span>
     <span class='ocr_line' id='line_1_16' title="bbox 234 1420 1424 1459; baseline 0 -1"><span class='ocrx_word' id='word_1_100' title='bbox 234 1421 364 1459; x_wconf 87' lang='lat' dir='ltr'>calore</span> <span class='ocrx_word' id='word_1_101' title='bbox 396 1427 532 1458; x_wconf 86' lang='lat' dir='ltr'>tutata</span> <span class='ocrx_word' id='word_1_102' title='bbox 564 1427 648 1459; x_wconf 87' lang='lat' dir='ltr'>est:</span> <span class='ocrx_word' id='word_1_103' title='bbox 694 1420 899 1458; x_wconf 86' lang='lat' dir='ltr'>hominem</span> <span class='ocrx_word' id='word_1_104' title='bbox 931 1426 1093 1458; x_wconf 83' lang='lat' dir='ltr'>tantum</span> <span class='ocrx_word' id='word_1_105' title='bbox 1125 1421 1277 1458; x_wconf 88' lang='lat' dir='ltr'>nudum</span> <span class='ocrx_word' id='word_1_106' title='bbox 1309 1426 1352 1458; x_wconf 85' lang='lat' dir='ltr'>et</span> <span class='ocrx_word' id='word_1_107' title='bbox 1383 1423 1424 1458; x_wconf 92' lang='lat' dir='ltr'>in</span> 
     </span>
     <span class='ocr_line' id='line_1_17' title="bbox 234 1474 1424 1524; baseline 0.001 -13"><span class='ocrx_word' id='word_1_108' title='bbox 234 1475 342 1513; x_wconf 89' lang='lat' dir='ltr'>nuda</span> <span class='ocrx_word' id='word_1_109' title='bbox 374 1475 495 1512; x_wconf 90' lang='lat' dir='ltr'>humo</span> <span class='ocrx_word' id='word_1_110' title='bbox 528 1475 650 1512; x_wconf 85' lang='lat' dir='ltr'>natali</span> <span class='ocrx_word' id='word_1_111' title='bbox 683 1475 749 1512; x_wconf 90' lang='lat' dir='ltr'>die</span> <span class='ocrx_word' id='word_1_112' title='bbox 783 1475 906 1511; x_wconf 82' lang='lat' dir='ltr'>abicit</span> <span class='ocrx_word' id='word_1_113' title='bbox 937 1474 988 1511; x_wconf 91' lang='lat' dir='ltr'>ad</span> <span class='ocrx_word' id='word_1_114' title='bbox 1020 1477 1178 1524; x_wconf 85' lang='lat' dir='ltr'>vagitus</span> <span class='ocrx_word' id='word_1_115' title='bbox 1210 1477 1348 1511; x_wconf 88' lang='lat' dir='ltr'>statim</span> <span class='ocrx_word' id='word_1_116' title='bbox 1381 1480 1424 1512; x_wconf 83' lang='lat' dir='ltr'>et</span> 
     </span>
     <span class='ocr_line' id='line_1_18' title="bbox 235 1527 1424 1579; baseline 0.001 -14"><span class='ocrx_word' id='word_1_117' title='bbox 235 1529 449 1579; x_wconf 83' lang='lat' dir='ltr'>ploratum,</span> <span class='ocrx_word' id='word_1_118' title='bbox 465 1529 698 1579; x_wconf 83' lang='lat' dir='ltr'>nullumque</span> <span class='ocrx_word' id='word_1_119' title='bbox 714 1534 776 1565; x_wconf 81' lang='lat' dir='ltr'>tot</span> <span class='ocrx_word' id='word_1_120' title='bbox 793 1528 1024 1565; x_wconf 87' lang='lat' dir='ltr'>animalium</span> <span class='ocrx_word' id='word_1_121' title='bbox 1041 1527 1148 1565; x_wconf 86' lang='lat' dir='ltr'>aliud</span> <span class='ocrx_word' id='word_1_122' title='bbox 1163 1530 1324 1579; x_wconf 81' lang='lat' dir='ltr'>pronius</span> <span class='ocrx_word' id='word_1_123' title='bbox 1341 1527 1358 1552; x_wconf 85' lang='lat'>⁵</span> <span class='ocrx_word' id='word_1_124' title='bbox 1372 1527 1424 1566; x_wconf 88' lang='lat' dir='ltr'>ad</span> 
     </span>
     <span class='ocr_line' id='line_1_19' title="bbox 234 1581 1422 1633; baseline 0 -14"><span class='ocrx_word' id='word_1_125' title='bbox 234 1582 428 1627; x_wconf 70' lang='lat' dir='ltr'>lacrimas,</span> <span class='ocrx_word' id='word_1_126' title='bbox 450 1589 491 1619; x_wconf 85' lang='lat' dir='ltr'>et</span> <span class='ocrx_word' id='word_1_127' title='bbox 512 1582 582 1619; x_wconf 86' lang='lat' dir='ltr'>has</span> <span class='ocrx_word' id='word_1_128' title='bbox 603 1585 783 1633; x_wconf 85' lang='lat' dir='ltr'>protinus</span> <span class='ocrx_word' id='word_1_129' title='bbox 805 1585 911 1619; x_wconf 86' lang='lat' dir='ltr'>vitae</span> <span class='ocrx_word' id='word_1_130' title='bbox 932 1584 1148 1632; x_wconf 84' lang='lat' dir='ltr'>principi03</span> <span class='ocrx_word' id='word_1_131' title='bbox 1183 1587 1226 1618; x_wconf 87' lang='lat' dir='ltr'>at</span> <span class='ocrx_word' id='word_1_132' title='bbox 1247 1581 1422 1620; x_wconf 83' lang='lat' dir='ltr'>Hercule</span> 
     </span>
     <span class='ocr_line' id='line_1_20' title="bbox 234 1635 1422 1687; baseline -0.001 -14"><span class='ocrx_word' id='word_1_133' title='bbox 234 1639 333 1673; x_wconf 85' lang='lat' dir='ltr'>risus</span> <span class='ocrx_word' id='word_1_134' title='bbox 363 1650 535 1687; x_wconf 80' lang='lat' dir='ltr'>praecox</span> <span class='ocrx_word' id='word_1_135' title='bbox 564 1636 630 1673; x_wconf 91' lang='lat' dir='ltr'>ille</span> <span class='ocrx_word' id='word_1_136' title='bbox 660 1642 702 1673; x_wconf 85' lang='lat' dir='ltr'>ct</span> <span class='ocrx_word' id='word_1_137' title='bbox 730 1635 960 1673; x_wconf 86' lang='lat' dir='ltr'>celerrimus</span> <span class='ocrx_word' id='word_1_138' title='bbox 989 1641 1085 1672; x_wconf 86' lang='lat' dir='ltr'>ante</span> <span class='ocrx_word' id='word_1_139' title='bbox 1113 1648 1161 1672; x_wconf 70' lang='lat' dir='ltr'>xx„</span> <span class='ocrx_word' id='word_1_140' title='bbox 1189 1635 1298 1672; x_wconf 89' lang='lat' dir='ltr'>diem</span> <span class='ocrx_word' id='word_1_141' title='bbox 1327 1635 1422 1672; x_wconf 90' lang='lat' dir='ltr'>nulli</span> 
     </span>
     <span class='ocr_line' id='line_1_21' title="bbox 197 1688 1423 1739; baseline 0.001 -14"><span class='ocrx_word' id='word_1_142' title='bbox 197 1694 217 1725; x_wconf 90' lang='grc'>3</span> <span class='ocrx_word' id='word_1_143' title='bbox 237 1689 368 1727; x_wconf 86' lang='lat' dir='ltr'>datur.</span> <span class='ocrx_word' id='word_1_144' title='bbox 424 1691 474 1727; x_wconf 92' lang='lat' dir='ltr'>ab</span> <span class='ocrx_word' id='word_1_145' title='bbox 492 1689 567 1727; x_wconf 87' lang='lat' dir='ltr'>hoe</span> <span class='ocrx_word' id='word_1_146' title='bbox 584 1689 681 1726; x_wconf 88' lang='lat' dir='ltr'>lucis</span> <span class='ocrx_word' id='word_1_147' title='bbox 699 1689 928 1727; x_wconf 86' lang='lat' dir='ltr'>rudimento</span> <span class='ocrx_word' id='word_1_148' title='bbox 946 1702 1049 1739; x_wconf 90' lang='lat' dir='ltr'>quae</span> <span class='ocrx_word' id='word_1_149' title='bbox 1069 1702 1118 1726; x_wconf 87' lang='lat' dir='ltr'>ne</span> <span class='ocrx_word' id='word_1_150' title='bbox 1137 1688 1241 1726; x_wconf 83' lang='lat' dir='ltr'>feras</span> <span class='ocrx_word' id='word_1_151' title='bbox 1260 1688 1423 1739; x_wconf 78' lang='lat' dir='ltr'>quidem</span> 
     </span>
    </p>
   </div>
   <div class='ocr_carea' id='block_1_3' title="bbox 302 1774 1356 1903">
    <p class='ocr_par' dir='ltr' id='par_1_3' title="bbox 302 1774 1356 1903">
     <span class='ocr_line' id='line_1_22' title="bbox 306 1774 1355 1816; baseline -0.001 -9"><span class='ocrx_word' id='word_1_152' title='bbox 306 1775 317 1795; x_wconf 87' lang='lat'>²</span> <span class='ocrx_word' id='word_1_153' title='bbox 341 1775 482 1807; x_wconf 77' lang='lat' dir='ltr'>flumina</span> <span class='ocrx_word' id='word_1_154' title='bbox 498 1775 573 1807; x_wconf 80' lang='lat' dir='ltr'>add.</span> <span class='ocrx_word' id='word_1_155' title='bbox 595 1775 756 1816; x_wconf 78' lang='lat' dir='ltr'>Maylzoff.</span> <span class='ocrx_word' id='word_1_156' title='bbox 935 1775 947 1794; x_wconf 84' lang='lat'>²</span> <span class='ocrx_word' id='word_1_157' title='bbox 971 1785 1012 1806; x_wconf 89' lang='lat' dir='ltr'>ne</span> <span class='ocrx_word' id='word_1_158' title='bbox 1029 1774 1082 1806; x_wconf 90' lang='lat' dir='ltr'>hic</span> <span class='ocrx_word' id='word_1_159' title='bbox 1098 1774 1174 1806; x_wconf 79' lang='lat' dir='ltr'><em>odd.</em></span> <span class='ocrx_word' id='word_1_160' title='bbox 1193 1774 1355 1816; x_wconf 79' lang='lat' dir='ltr'>Mayhoff.</span> 
     </span>
     <span class='ocr_line' id='line_1_23' title="bbox 302 1817 1356 1903; baseline -0.002 -52"><span class='ocrx_word' id='word_1_161' title='bbox 302 1818 315 1836; x_wconf 80' lang='lat'><strong>³</strong></span> <span class='ocrx_word' id='word_1_162' title='bbox 341 1818 393 1851; x_wconf 69' lang='lat' dir='ltr'>VJ.</span> <span class='ocrx_word' id='word_1_163' title='bbox 411 1824 569 1860; x_wconf 85' lang='lat' dir='ltr'>nequeat.</span> <span class='ocrx_word' id='word_1_164' title='bbox 634 1862 647 1881; x_wconf 44' lang='grc' dir='ltr'><strong>ὅ</strong></span> <span class='ocrx_word' id='word_1_165' title='bbox 670 1862 811 1903; x_wconf 62' lang='lat' dir='ltr'>pronius</span> <span class='ocrx_word' id='word_1_166' title='bbox 821 1818 1150 1893; x_wconf 40' lang='lat' dir='ltr'>add-egdfzagnan</span> <span class='ocrx_word' id='word_1_167' title='bbox 1176 1817 1356 1850; x_wconf 78' lang='lat' dir='ltr'>Rackham.</span> 
     </span>
    </p>
   </div>
   <div class='ocr_carea' id='block_1_4' title="bbox 235 1936 432 1941">
    <p class='ocr_par' dir='ltr' id='par_1_4' title="bbox 235 1936 432 1941">
     <span class='ocr_line' id='line_1_24' title="bbox 235 1936 432 1941; baseline 0 0"><span class='ocrx_word' id='word_1_168' title='bbox 235 1936 432 1941; x_wconf 95' lang='lat' dir='ltr'> </span> 
     </span>
    </p>
   </div>
   <div class='ocr_carea' id='block_1_5' title="bbox 235 1977 1422 2054">
    <p class='ocr_par' dir='ltr' id='par_1_5' title="bbox 235 1977 1422 2054">
     <span class='ocr_line' id='line_1_25' title="bbox 280 1977 1422 2020; baseline 0 -10"><span class='ocrx_word' id='word_1_169' title='bbox 280 1982 295 1998; x_wconf 83' lang='lat'><em>⁰</em></span> <span class='ocrx_word' id='word_1_170' title='bbox 318 1978 326 1991; x_wconf 90' lang='lat'>‘</span> <span class='ocrx_word' id='word_1_171' title='bbox 341 1978 446 2010; x_wconf 73' lang='lat' dir='ltr'>Great</span> <span class='ocrx_word' id='word_1_172' title='bbox 463 1978 471 1990; x_wconf 86' lang='lat'><strong>&#39;</strong></span> <span class='ocrx_word' id='word_1_173' title='bbox 488 1978 515 2009; x_wconf 80' lang='lat' dir='ltr'>is</span> <span class='ocrx_word' id='word_1_174' title='bbox 531 1978 677 2020; x_wconf 80' lang='lat' dir='ltr'>perhaps</span> <span class='ocrx_word' id='word_1_175' title='bbox 693 1982 729 2009; x_wconf 87' lang='lat' dir='ltr'>to</span> <span class='ocrx_word' id='word_1_176' title='bbox 746 1977 787 2009; x_wconf 86' lang='lat' dir='ltr'>be</span> <span class='ocrx_word' id='word_1_177' title='bbox 803 1977 959 2015; x_wconf 71' lang='lat' dir='ltr'>omitted,</span> <span class='ocrx_word' id='word_1_178' title='bbox 977 1988 1014 2009; x_wconf 75' lang='lat' dir='ltr'>as</span> <span class='ocrx_word' id='word_1_179' title='bbox 1029 1988 1074 2009; x_wconf 79' lang='lat' dir='ltr'>an</span> <span class='ocrx_word' id='word_1_180' title='bbox 1089 1977 1318 2020; x_wconf 74' lang='lat' dir='ltr'>interpolated</span> <span class='ocrx_word' id='word_1_181' title='bbox 1332 1977 1422 2020; x_wconf 81' lang='lat' dir='ltr'>gloss</span> 
     </span>
     <span class='ocr_line' id='line_1_26' title="bbox 235 2032 402 2054; baseline 0.006 -1"><span class='ocrx_word' id='word_1_182' title='bbox 235 2032 278 2053; x_wconf 88' lang='lat' dir='ltr'>on</span> <span class='ocrx_word' id='word_1_183' title='bbox 294 2033 402 2054; x_wconf 66' lang='lat' dir='ltr'>saeva.</span> 
     </span>
    </p>
   </div>
   <div class='ocr_carea' id='block_1_6' title="bbox 235 2084 306 2131">
    <p class='ocr_par' dir='ltr' id='par_1_6' title="bbox 235 2084 306 2131">
     <span class='ocr_line' id='line_1_27' title="bbox 235 2084 306 2131; baseline -0.014 -10"><span class='ocrx_word' id='word_1_184' title='bbox 235 2084 306 2131; x_wconf 87' lang='lat'>506</span> 
     </span>
    </p>
   </div>
  </div>
 </body>
</html>
