1515 2351
101 470 157 501 191

99 1346 158 1375 192

393 143 584 182 PLINY:
635 144 900 183 NATURAL
937 145 1175 184 HISTORY

190 249 329 287 coloris
353 255 440 286 tota
465 263 628 299 corpora
653 250 810 288 rubrica
832 251 1018 288 inlinunt.
1073 257 1116 289 at
1140 265 1190 289 ex
1216 251 1377 290 Africae

191 327 308 372 parte
358 321 570 366 Medimni,
619 322 713 359 dein
762 322 965 360 Nomades
1014 323 1376 374 cynocephalorum

191 394 298 431 lacte
322 397 515 439 viventes,
540 394 673 439 Alabi,
697 394 896 445 Syrbotae
920 399 988 446 qui
1012 402 1202 433 octonum
1225 397 1379 434 cubito-

190 480 277 503 rum
317 479 403 504 esse
442 467 641 504 dicuntur,
698 468 954 505 Aristocreon
994 468 1148 519 Libyae
1185 469 1316 506 latere
1353 482 1377 506 a

194 539 336 577 Meroe
376 539 567 589 oppidum
608 539 749 577 Tollen
791 540 946 577 dierum
987 553 1011 577 v
1052 543 1198 578 itinere
1238 541 1377 579 tradit.

192 612 286 649 inde
316 612 471 650 dierum
505 625 561 649 ΧΠ
594 613 723 650 Aesar
755 613 946 663 oppidum
980 613 1276 664 Aegyptiorum
1309 617 1377 664 qui

192 684 529 722 Psammetichum
551 685 728 736 fugerint
749 686 806 735 (in
830 698 878 722 eo
901 686 1126 735 produntur
1148 689 1260 723 annis
1275 685 1289 709 ¹
1310 685 1376 721 eff

190 757 424 808 habitasse),
444 763 583 795 contra
605 761 645 795 in
667 758 840 795 Arabico
861 758 990 796 latere
1013 758 1164 795 Diaron
1185 759 1375 809 oppidum

192 843 279 868 esse
317 843 468 868 eorum.
523 830 623 868 Bion
663 837 799 868 autem
839 830 972 880 Sapen
1011 837 1128 869 vocat
1167 831 1274 882 quod
1309 830 1378 868 ille

191 904 332 948 Aesar,
352 909 394 941 et
414 906 500 954 ipso
519 906 681 940 nomine
701 903 876 941 advenas
897 906 954 940 ait
973 903 1213 954 significari3
1254 909 1375 953 caput

191 990 330 1014 eorum
358 979 400 1014 in
429 977 558 1014 insula
588 975 854 1021 Sembobitin,
886 982 927 1014 et
958 979 1124 1014 tertium
1155 979 1196 1014 in
1227 977 1378 1014 Arabia

191 1049 317 1087 Sinat.
370 1052 477 1087 inter
496 1055 654 1087 montes
676 1055 814 1086 autem
836 1055 878 1086 et
902 1049 1037 1086 Nilum
1058 1049 1248 1086 Simbarri
1269 1055 1378 1093 sunt,

192 1121 405 1173 Palugges,
441 1125 480 1159 in
518 1125 611 1172 ipsis
650 1135 742 1159 vero
779 1122 981 1159 montibus
1020 1121 1203 1159 Asachae
1241 1121 1376 1159 multis

191 1195 442 1239 nationibus;
473 1195 615 1232 abesse
631 1208 655 1231 a
673 1198 774 1232 mari
791 1195 980 1232 dicuntur
996 1195 1152 1232 dierum
1170 1207 1192 1231 v
1209 1197 1376 1239 itinere;

191 1271 328 1305 vivunt
360 1267 666 1318 elephantorum
698 1274 860 1305 venatu.
914 1267 1043 1304 insula
1073 1270 1114 1304 in
1146 1267 1236 1304 Nilo
1266 1267 1376 1304 Sem-

188 1341 381 1378 britarum
412 1344 575 1392 reginae
602 1346 730 1391 paret.
796 1341 847 1377 ab
881 1353 930 1378 ea
965 1340 1121 1378 Nubaei
1154 1339 1376 1390 Aethiopes

190 1414 345 1451 dierum
370 1426 443 1450 vm
469 1416 612 1451 itinere
640 1413 848 1464 (oppidum
876 1426 1013 1450 eorum
1041 1412 1132 1450 Nilo
1158 1415 1375 1463 inpositum

190 1486 414 1537 Tenupsis),
438 1485 653 1530 Sesambri‚
677 1485 783 1535 apud
808 1499 905 1536 quos
931 1485 1212 1536 quadrupedes
1237 1497 1375 1522 omnes

189 1562 275 1596 sine
300 1559 474 1603 auribus,
501 1561 625 1596 etiam
651 1557 870 1608 elephanti.
925 1564 967 1595 at
995 1571 1044 1594 ex
1071 1557 1234 1595 Africae
1259 1562 1375 1607 parte

193 1632 422 1676 Ptonebari,
445 1630 713 1681 Ptoemphani
737 1634 804 1681 qui
828 1644 970 1668 canem
995 1644 1065 1680 pro
1089 1643 1186 1681 rege
1208 1629 1376 1675 habent,

190 1708 303 1739 motu
324 1705 407 1739 eius
427 1704 595 1751 imperia
615 1706 874 1751 augurantes,
896 1700 1068 1737 Harusbi
1089 1700 1236 1750 oppido
1256 1699 1376 1750 longe

191 1775 240 1811 ab
261 1774 351 1811 Nilo
369 1777 460 1819 sito,
478 1780 621 1824 postea
638 1773 895 1818 Archisarmi,
912 1772 1127 1823 Phalliges,
1150 1771 1376 1823 Marigarri‚

100 1852 158 1883 193
181 1847 426 1884 Chasamari.
484 1847 584 1883 Bion
617 1852 659 1884 et
692 1846 772 1883 alia
804 1846 953 1896 oppida
985 1848 1026 1883 in
1058 1845 1193 1882 insulis
1226 1845 1374 1882 tradit:

190 1933 213 1957 a
241 1919 462 1958 Sembobiti
493 1919 662 1956 Meroen
691 1931 825 1956 versus
853 1918 1008 1956 dierum
1031 1923 1119 1954 toto
1142 1919 1286 1954 itinere
1310 1929 1374 1960 xx,

575 2005 586 2024 ¹
611 2004 695 2036 Jidd.
713 2009 771 2036 vet.
788 2017 795 2035 :
824 2004 991 2045 prodente
1002 2013 1049 2035 se.

184 2064 254 2109 480
