1515 2351
391 134 558 173 PLINY
574 150 582 173 ε
634 135 902 174 NATURAL
939 135 1179 174 HISTORY

193 239 438 277 diversarum
473 239 637 289 quidem
670 241 855 290 gentium
887 238 1044 276 natales
1076 244 1163 276 tam
1195 239 1382 277 concordi

196 309 323 359 figura
372 311 537 359 reperiri
588 321 708 359 super
757 321 918 346 omnem
968 321 1055 346 esse
1106 311 1382 352 taxationem;

194 378 376 429 adeoque
412 381 695 428 tempestivam
730 378 1038 416 admirationem
1070 378 1207 416 intulit
1241 384 1287 416 ut
1315 378 1382 416 ille

195 450 450 498 proscriptor,
475 450 591 484 minis
607 448 620 472 1
648 447 767 484 modo
793 453 836 484 et
859 447 1104 485 contumelia
1128 447 1278 492 furens,
1304 461 1383 484 non

196 517 303 554 aliud
322 519 361 553 in
379 530 501 554 censu
519 519 647 567 magis
666 530 715 554 ex
735 516 896 554 fortuna
914 530 986 554 sua
1002 517 1182 555 duceret.

241 586 358 623 XIII.
388 587 461 623 Est
482 586 682 636 quaedam
702 589 890 637 privatim
910 586 1137 624 dissociatio
1158 600 1382 637 corporum,

194 662 237 693 et
262 659 368 693 inter
392 669 433 693 se
459 656 603 693 sterilis
625 657 691 693 ubi
712 670 803 693 cum
824 656 908 693 aliis
929 659 1095 694 iunxere
1118 670 1175 701 se,
1195 659 1383 707 gignunt,

192 728 295 763 sicut
312 727 520 776 Augustus
538 731 580 763 et
598 726 732 769 Livia3
761 729 861 763 item
877 726 954 764 alii.
1009 726 1192 776 aliaeque
1209 725 1380 763 feminas

192 801 352 833 tantum
372 802 570 846 generant
589 802 660 832 aut
680 809 824 840 mares,
842 795 1080 847 plerumque
1101 801 1144 833 et
1163 795 1382 842 alternant,

192 868 295 902 sicut
347 864 617 902 Gracchorum
668 871 799 902 mater
849 865 1106 911 duodeciens,
1157 866 1383 917 Agrippina

194 934 422 972 Germanici
456 937 642 978 noviens;
691 934 775 971 aliis
808 935 954 972 sterilis
987 941 1050 972 est
1082 937 1262 979 iuventa,
1296 935 1383 972 aliis

194 1003 317 1041 semel
337 1006 377 1040 in
395 1006 478 1041 vita
496 1003 616 1041 datur
633 1006 824 1054 gignere3
857 1004 1058 1054 quaedam
1077 1017 1156 1041 non
1173 1003 1385 1055 perferunt

191 1079 344 1124 partus,
366 1073 518 1123 quales,
540 1076 572 1111 si
594 1073 754 1123 quando
776 1073 975 1111 medicina
1001 1074 1216 1111 naturam2
1238 1076 1384 1119 vicere,

191 1142 383 1180 feminam
414 1142 498 1180 fere
529 1145 714 1193 gignunt.
769 1141 883 1180 divus
915 1143 1124 1194 Augustus
1154 1145 1195 1180 in
1227 1143 1383 1194 reliqua

192 1212 468 1262 exemplorum
513 1215 679 1249 raritate
725 1214 857 1262 neptis
902 1225 998 1249 suae
1044 1218 1236 1263 nepotem
1281 1212 1384 1250 vidit

194 1285 378 1333 genitum
412 1295 491 1332 quo
525 1285 698 1319 excessit
732 1295 836 1319 anno
871 1281 930 1319 M.
965 1281 1158 1327 Silanum,
1192 1284 1258 1333 qui
1291 1295 1383 1320 eum

192 1353 331 1388 Asiam
361 1352 565 1389 obtineret
594 1357 685 1402 post
716 1351 970 1389 consulatum
1001 1351 1169 1389 Neronis
1195 1354 1384 1402 principis

147 1426 167 1457 9
190 1424 454 1466 successione,
471 1435 627 1459 veneno
645 1424 729 1459 eius
746 1424 1015 1473 interemptus
1033 1428 1108 1459 est.
1163 1421 1212 1468 Q.
1234 1421 1382 1459 Metel-

192 1491 252 1529 lus
298 1491 598 1537 Macedonicus‚
631 1505 722 1528 curn
761 1505 832 1529 sex
865 1491 1010 1529 liberos
1050 1491 1311 1542 relinqueret,
1343 1504 1383 1530 Χῐ

192 1568 361 1612 nepotes
394 1561 568 1612 reliquit,
602 1575 723 1599 nurus
757 1574 849 1599 vero
881 1575 1133 1612 generosque
1167 1567 1210 1599 et
1241 1574 1382 1599 omnes

124 1637 166 1666 60
190 1634 257 1682 qui
280 1645 323 1669 se
347 1634 472 1682 patris
496 1631 767 1682 appellatione
791 1631 1016 1669 salutarent
1039 1644 1159 1668 xxvu.
1215 1633 1256 1668 in
1280 1634 1383 1669 actis

191 1707 419 1752 temporum
454 1701 532 1738 divi
569 1702 743 1751 Augusti
779 1703 981 1738 invenitur
1015 1700 1254 1738 duodecimo
1288 1713 1383 1738 con-

503 1787 515 1806 ¹
539 1786 744 1819 Rhemum:
775 1787 923 1818 animus.

503 1831 515 1849 ²
538 1829 704 1871 Dedessen
719 1841 727 1861 :
756 1830 924 1861 medicina
938 1833 973 1861 et
987 1839 1081 1862 cura.

293 1957 308 2016 ζ
330 1954 392 2028 ἐξ.
402 1953 453 2028 gn
469 1953 533 1985 but
548 1963 612 1984 one
628 1952 667 1984 of
679 1953 731 1984 his
745 1952 1008 1995 grandchssdren
1024 1963 1110 1985 were
1126 1952 1283 1986 married.

196 2071 265 2108 544
