1515 2351
136 695 172 725 51

407 134 597 172 PLINY:
650 135 916 172 NATURAL
953 135 1192 173 HISTORY

203 239 343 283 tradit,
377 240 491 276 ἇῖξῖῐ,
525 244 568 276 et
603 238 826 276 altitudinis
862 242 1157 290 quinquaginta
1190 253 1394 291 passuum,

203 327 326 351 manu
346 313 489 352 factus,
511 327 533 350 a
553 327 650 365 rege
671 317 738 364 qui
760 314 914 351 fecerat
938 313 1133 352 Moeridis
1155 315 1392 366 appellatus.

204 389 297 426 inde
322 389 403 425 ffiffi
429 403 467 439 p.
496 390 612 426 abest
641 388 859 439 Memphis,
885 390 1090 439 quondam
1116 403 1186 427 arx
1213 391 1394 441 Aegypti

203 478 359 515 regum,
379 464 486 501 unde
507 464 558 501 ad
579 464 816 501 Hammonis
837 464 1041 502 oraculum
1062 477 1116 502 x11
1139 465 1297 503 dierum
1317 468 1395 503 iter

205 544 280 583 est,
317 537 368 574 ad
404 540 614 574 scissuram
652 543 791 574 autem
830 537 923 582 Nili,
961 537 1068 588 quod
1106 537 1394 589 appellavimus

206 613 342 657 Delta,
361 626 423 650 xv.

254 689 303 726 X.
335 688 446 725 Nilus
470 691 632 726 incertis
655 695 766 725 ortus
789 688 981 734 fontibus,
1005 695 1049 726 ut
1072 702 1145 740 per
1167 689 1330 727 deserta
1353 695 1395 727 et

204 765 386 802 ardentia
423 770 465 802 et
501 766 683 801 inmenso
719 764 981 815 longItudinis
1018 767 1149 815 spatio
1186 765 1394 803 ambulans

204 840 391 890 famaque
426 846 587 877 tantum
620 842 762 877 inermi
793 842 998 891 quaesitus
1033 843 1118 877 sine
1148 840 1260 877 bellis
1291 853 1394 891 quae

202 922 358 953 ceteras
379 918 506 953 omnis
526 921 654 953 terras
675 917 880 961 invenere,
901 917 1113 967 originem,
1134 922 1180 954 ut
1202 915 1303 953 Iuba
1323 925 1394 953 rex

204 994 336 1042 potuit
371 993 595 1042 exquirere,
629 994 669 1028 in
703 998 842 1029 monte
876 991 1074 1028 inferioris
1111 990 1394 1029 Mauretaniae

203 1081 282 1104 non
315 1067 450 1118 procul
484 1080 634 1104 oceano
667 1066 793 1104 habet
825 1066 914 1104 lacu
947 1069 1128 1118 protinus
1161 1072 1395 1118 stagnante,

203 1156 325 1194 quem
361 1149 504 1180 vocant
541 1142 714 1180 Niliden.
769 1143 824 1179 ibi
860 1144 989 1193 pisces
1025 1145 1281 1193 reperiuntur
1315 1142 1395 1180 ala-

203 1219 339 1263 betae,
371 1220 557 1263 coracini,
590 1218 720 1262 siluri3
768 1217 988 1255 crocodilus
1023 1231 1182 1268 quoque
1217 1217 1310 1256 inde
1343 1218 1395 1256 ob

203 1299 486 1345 argumentum
519 1293 592 1330 hoe
625 1293 847 1330 Caesareae
878 1295 920 1330 in
952 1293 1042 1330 Iseo
1073 1293 1231 1331 dicatus
1263 1293 1314 1330 ab
1346 1306 1394 1331 eo

203 1375 410 1420 spectatur
443 1368 573 1406 hodie.
629 1375 843 1419 praeterea
875 1369 1132 1406 observatum
1166 1374 1242 1414 est,
1274 1373 1393 1419 prout

203 1447 242 1482 in
269 1444 527 1482 Mauretania
549 1447 659 1482 nives
682 1445 880 1482 imbresve
904 1447 1154 1489 satiaverint,
1177 1446 1235 1481 ita
1260 1443 1394 1482 Nilum

203 1524 436 1558 increscere.
492 1533 543 1557 ex
572 1519 646 1557 hoc
675 1519 764 1557 lacu
793 1519 978 1570 profusus
1007 1519 1241 1570 indignatur
1270 1518 1394 1557 fluere

203 1610 274 1648 per
311 1595 507 1633 harenosa
545 1601 587 1633 et
624 1595 866 1646 squalentia,
902 1595 1121 1646 conditque
1159 1608 1202 1633 se
1241 1594 1394 1645 aliquot

202 1672 358 1710 dierum
380 1674 540 1717 itinere,
562 1685 655 1708 mox
679 1671 756 1708 alio
778 1671 868 1708 lacu
889 1673 1039 1708 maiore
1062 1673 1102 1707 in
1126 1670 1394 1708 Caesariensis

206 1747 488 1785 Mauretaniae
519 1752 644 1798 gente
680 1746 955 1797 Masaesylum
987 1748 1163 1796 erumpit
1195 1751 1238 1783 et
1269 1744 1394 1783 homi-

204 1837 299 1860 num
336 1829 476 1860 coetus
505 1822 629 1860 veluti
667 1824 950 1873 circumspicit,
979 1821 1122 1859 iisdem
1161 1821 1394 1859 animalium

203 1901 464 1950 argumentis.
519 1900 667 1935 iterum
688 1897 847 1935 harenis
861 1903 1048 1948 receptus
1061 1897 1247 1934 conditur
1261 1910 1393 1934 rursus

203 1987 252 2012 xx
270 1974 427 2012 dierum
445 1973 616 2012 desertis
636 1973 687 2011 ad
704 1976 907 2024 proximos
926 1971 1164 2024 Aethiopas,
1182 1977 1306 2024 atque
1326 1972 1393 2010 ubi

207 2064 277 2111 256
