1515 2351
140 361 196 394 101

141 1006 199 1037 102

136 1394 196 1424 103

428 123 620 161 PLINY:
673 124 940 162 NATURAL
976 123 1215 162 HISTORY

223 231 264 266 in
322 228 534 266 Graeciam
591 227 848 265 brevissimus
894 230 1102 270 transitus,
1152 240 1202 264 ex
1249 227 1417 265 adverso

224 292 528 342 Apolloniatum
562 292 699 342 oppidi
733 291 950 329 latitudine
985 294 1289 329 intercurrentis
1323 291 1416 329 freti

223 362 247 395 ῑ,
269 370 347 394 non
369 356 552 406 amplius.
606 355 681 393 hoc
703 355 958 393 intervallum
981 355 1160 406 pedestri
1181 359 1417 394 continuare

222 424 397 459 transitu
432 420 623 471 pontibus
658 423 772 458 iactis
808 423 982 470 primum
1018 419 1165 471 Pyrrus
1200 420 1311 470 Epiri
1345 434 1417 458 rex

223 489 432 536 cogitavit,
453 492 545 535 post
566 498 659 522 eum
683 485 742 522 M.
765 484 905 529 Varro,
925 498 1017 522 cum
1036 485 1229 523 classibus
1251 484 1416 535 Pompei

224 553 392 600 piratico
412 550 520 587 bello
541 555 772 600 praeesset;
808 555 1026 600 utrumque
1047 549 1151 586 aliae
1171 549 1417 599 impedivere

223 627 356 652 curae.
412 615 462 651 ab
492 614 709 664 Hydrunte
739 614 921 651 Soletum
950 614 1171 658 desertum,
1200 614 1295 651 dein
1323 613 1416 651 Fra-

224 682 434 724 tucrtium,
452 685 592 729 portus
611 679 867 723 Tarentinus,
891 681 1014 716 statio
1041 678 1250 728 Miltopes,
1275 678 1418 729 Lupia,

224 743 440 788 Balesium,
469 743 621 787 Caelia,
650 743 905 780 Brundisium
934 749 956 781 ἰ
982 756 1021 793 p.
1052 743 1103 780 ab
1132 742 1349 794 Hydrunte
1377 745 1417 780 in

225 811 360 857 primis
383 808 529 845 Italiae
551 814 672 858 portu
694 807 828 845 nobile
851 821 896 845 ac
919 807 1031 844 velut
1051 810 1222 845 certiore
1243 810 1417 845 transitu

223 875 339 909 sicuti
375 872 570 923 longiore,
607 875 835 922 excipiente
873 871 1022 922 Illyrici
1057 872 1157 909 urbe
1195 871 1417 909 Durrachio

224 951 343 975 ccxxv
360 940 547 974 traiectu.

275 1001 485 1039 Brundisio
496 1004 769 1038 conterminus
782 1000 1086 1039 Paediculorum
1102 1001 1117 1025 1
1129 1015 1227 1052 ager
1239 1014 1248 1045 3
1274 1015 1415 1039 novem

222 1066 502 1104 adulescentes
547 1065 803 1116 totidemque
850 1069 1022 1116 virgInes
1069 1066 1120 1103 ab
1167 1066 1313 1117 Illyriis
1359 1079 1416 1104 xu

222 1130 389 1180 populos
430 1143 622 1181 genuere.
678 1130 1015 1168 Paediculorum1
1057 1131 1206 1181 oppida
1246 1130 1418 1176 Rudiae,

223 1195 413 1246 Egnatia,
436 1195 613 1239 Barium,
638 1208 776 1232 amnes
802 1195 931 1246 Iapyx
956 1208 979 1231 a
1005 1195 1178 1232 Daedali
1203 1195 1282 1232 filio
1305 1208 1417 1246 rege,

222 1273 245 1296 a
267 1273 346 1310 quo
367 1266 409 1297 et
432 1259 602 1311 Iapygia
621 1260 741 1304 Aera,
761 1258 937 1304 Pactius,
964 1259 1133 1297 Aufidus
1163 1272 1213 1297 ex
1238 1259 1416 1310 Hirpinis

223 1324 426 1361 montibus
443 1324 661 1361 Canusium
678 1324 919 1374 praefluens.

273 1389 378 1426 Hine
407 1389 556 1439 Apulia
586 1389 836 1426 Daunjorum
865 1392 1104 1439 cognomine
1133 1402 1157 1426 a
1188 1389 1290 1426 duce
1320 1389 1416 1426 Dio-

221 1453 348 1491 medis
382 1467 533 1497 socero,
569 1457 606 1490 in
642 1467 721 1504 qua
755 1453 948 1503 oppidum
981 1453 1143 1504 Salapia
1177 1453 1415 1492 Hannibalis

221 1521 450 1555 meretricio
480 1531 615 1555 amore
646 1518 857 1563 inclutum,
887 1518 1114 1568 Sipontum,
1145 1518 1258 1563 Uria,
1287 1521 1415 1556 amnis

221 1581 415 1620 Cerbalus
440 1583 691 1620 Dauniorum
715 1583 817 1628 finis,
840 1589 980 1633 portus
1003 1583 1205 1634 Aggasus,
1228 1595 1415 1633 promun-

221 1649 371 1684 turium
408 1650 555 1685 montis
594 1647 770 1698 Gargani
809 1661 832 1684 a
869 1646 1092 1685 Sallentino
1128 1650 1211 1685 sive
1246 1647 1415 1699 Iapygio

221 1717 384 1750 Cexxxw
437 1712 594 1749 ambitu
645 1710 838 1762 Gargani,
889 1718 1028 1762 portus
1080 1711 1255 1757 Garnae,
1304 1712 1414 1750 lacus

342 1807 355 1829 ¹
378 1808 547 1840 Rackham
563 1808 620 1851 (cs.
639 1809 715 1848 38):
745 1808 1017 1846 Poediculorum,
1033 1808 1283 1840 Pediculorum.

494 1915 508 1930 ⁶
533 1911 572 1943 In
589 1911 716 1952 Illyria.

499 1954 511 1974 θ
533 1955 658 1987 Straits
679 1955 713 1986 oi
735 1956 893 1987 Otranto.

497 2002 510 2018 ⁰
531 1996 561 2028 A
577 1998 717 2030 bastard
732 1998 917 2031 formation
932 1998 1020 2031 from
1036 2000 1122 2034 παῖς.

224 2065 269 2106 74
