1515 2351
114 487 151 519 31

115 1392 156 1422 33

384 119 470 157 PLI
479 120 575 157 NY:
628 119 892 157 NATURAL
929 119 1168 157 HISTORY

184 230 340 261 montes
357 223 571 261 Gurdinios
589 222 707 266 Valli,
721 222 857 266 Suani,
873 222 1093 260 indomitae
1109 229 1268 274 gentes,
1284 226 1367 261 auri

182 295 319 325 tamen
354 287 517 325 metalla
551 287 721 324 fodiunt.
777 287 827 323 ab
860 286 919 324 his
952 287 1001 324 ad
1035 287 1209 325 Pontum
1241 301 1368 339 usque

184 352 480 389 Heniochorum
531 352 699 402 plurima
748 365 912 401 genera,
960 366 1052 388 mox
1102 351 1368 390 Achaeorum.

182 421 238 454 ita
257 430 299 455 se
319 416 441 453 habet
461 422 658 454 terrarum
677 419 777 454 situs
793 417 807 440 ¹
840 430 861 454 e
879 416 1117 455 clarissimis.

234 481 367 531 Aliqui
393 484 499 518 inter
525 481 697 518 Pontum
724 487 766 518 et
791 480 979 530 Caspium
1005 493 1116 518 mare
1140 493 1305 518 ccc-mcxv
1329 494 1368 531 p.

183 560 260 583 non
287 545 456 595 amplius
484 548 678 582 interesse
705 545 975 588 tradiderunt,
1001 544 1207 582 Cornelius
1236 544 1369 595 Nepos

182 612 269 647 ἧι
318 613 443 647 tantis
455 613 601 648 iterum
615 612 809 660 angustiis
821 609 1037 647 infestatur
1049 609 1158 646 Asia.
1180 608 1370 647 Claudius

182 674 330 712 Caesar
347 689 370 711 a
389 675 603 712 Cimmerio
623 674 797 724 Bosporo
815 674 866 711 ad
885 674 1074 724 Caspium
1093 687 1203 711 mare
1221 675 1267 711 δί,
1283 687 1371 725 pro-

181 739 298 782 didit,
316 753 446 790 eaque
464 739 675 789 perfodere
692 742 891 790 cogitasse
910 738 1140 776 Nicatorem
1158 737 1370 776 Seleucum

182 818 261 854 quo
287 810 470 854 tempore
495 806 546 841 sit
573 803 623 840 ab
650 803 884 841 Ptolomaeo
910 803 1094 840 Cerauno
1119 802 1368 841 interfectus.

182 882 204 904 a
222 871 347 919 portis
366 868 567 905 Caucasiis
585 868 636 905 ad
655 867 829 905 Pontum
847 870 891 905 δί’
909 881 997 905 esse
1013 874 1171 905 constat
1190 867 1286 905 fere.

234 933 350 970 XIII.
384 933 542 970 Insulae
560 936 599 969 in
621 932 750 969 Ponto
770 932 960 969 Planctae
980 935 1062 969 sive
1081 932 1271 983 Cyaneae
1288 934 1370 970 sive

183 997 488 1048 Symplegades,
522 997 668 1035 deinde
706 996 932 1047 Apollonia,
968 997 1144 1047 Thynias
1181 997 1289 1035 dicta
1326 1003 1371 1035 ut

182 1063 500 1113 distingueretur
537 1062 587 1098 ab
626 1075 675 1100 ea
712 1076 817 1112 quae
855 1069 915 1099 cst
955 1065 992 1098 in
1034 1061 1371 1111 Europa—distat

183 1130 418 1164 continente
450 1141 489 1177 p.
511 1140 556 1171 M,
574 1130 749 1177 cingitur
774 1129 916 1164 ffi—et
936 1133 1075 1164 eontra
1097 1126 1369 1164 Pharnaceam

182 1191 431 1235 Chalceritis,
459 1205 580 1242 quam
609 1191 750 1228 Graeci
780 1191 917 1228 Ariam
945 1191 1135 1229 dixerunt
1166 1191 1371 1242 Martique

182 1269 349 1299 sacram,
387 1262 429 1293 et
465 1259 506 1293 in
543 1269 591 1293 ea
629 1256 805 1293 volucres
842 1269 932 1292 cum
970 1255 1134 1293 advenis
1171 1268 1371 1306 pugnasse

183 1323 393 1371 pinnarum
413 1324 507 1358 ictu.

234 1385 341 1422 XIV.
374 1385 488 1423 Nunc
526 1385 710 1423 omnibus
748 1399 853 1436 quae
891 1392 985 1422 sunt
1022 1386 1145 1423 Asiae
1183 1388 1370 1423 interiora

181 1450 297 1487 dictis
319 1450 490 1500 Ripaeos
511 1456 668 1487 montes
689 1449 949 1487 transcendat
970 1453 1124 1486 animus
1145 1450 1372 1501 dextraque

182 1514 297 1551 litore
344 1517 481 1551 occani
532 1514 704 1551 incedat.
760 1515 887 1551 tribus
936 1514 997 1552 hie
1044 1514 1225 1564 partibus
1271 1514 1369 1552 caeli

182 1578 348 1616 adluens
375 1579 512 1616 Asiam
541 1578 749 1629 Scythicus
775 1592 797 1615 a
823 1582 1113 1628 septentrione:
1141 1579 1191 1615 ab
1217 1581 1371 1616 oriente

472 1677 481 1695 ¹
509 1677 678 1708 Ii’neklmm
696 1675 754 1713 (cs.
774 1678 788 1714 ξ
805 1677 880 1713 23);
907 1677 1011 1707 sinus.

226 1811 243 1868 οὗ
264 1807 314 1881 {tsi
325 1808 445 1890 {gl’ity
464 1849 522 1880 the.
539 1849 688 1880 shortost
704 1849 859 1881 distance
875 1859 988 1881 across
1005 1850 1032 1881 is
1049 1849 1166 1891 nearly
1184 1850 1247 1882 600
1265 1849 1371 1883 miles.

229 1897 242 1912 ⁶
261 1893 333 1924 The
351 1892 553 1925 Urek--Jaki.

225 1935 241 1998 ‘e'
261 1935 519 2013 {icztg'isnouth
534 1935 572 1967 of
585 1935 641 1966 the
658 1935 812 1971 Danube„
833 1935 889 1966 1V.
906 1937 959 1971 45,
974 1937 1028 1967 02.

181 2039 253 2088 360
