1515 2351
134 503 193 534 135

133 823 194 854 136

136 1305 196 1336 137

413 127 542 165 PLIN
545 127 581 164 Y
595 141 604 164 t
656 126 922 165 NATURAL
958 126 1197 165 HISTORY

213 236 285 268 aut
310 243 414 280 quae
440 229 546 267 mala
571 233 753 267 inmensa
778 232 852 266 nisi
879 242 930 267 ex
955 230 1188 279 ingentibus
1214 228 1398 280 gaudiis?

212 284 367 322 XLIII.
399 286 572 321 servavit
598 285 865 334 proscriptum
894 296 918 319 a
946 282 1053 319 Sulla
1085 282 1143 320 M.
1175 282 1398 320 Fidustium

214 343 442 375 senatorem
474 339 587 374 annis
624 350 755 381 xxxvl,
789 336 859 373 sed
898 339 1044 373 iterum
1076 337 1398 386 proscriptura:l

214 398 417 441 superstes
458 390 590 428 Sullae
632 393 746 434 vixit,
787 390 858 427 sed
900 402 1026 439 usque
1068 389 1120 426 ad
1161 390 1398 433 Antonium,

214 450 454 494 constatque
486 443 594 481 nulla
627 443 703 480 alia
735 443 785 480 de
817 456 938 480 causa
970 443 1020 480 ab
1053 455 1101 480 eo
1133 445 1399 493 proscriptum

217 511 338 548 quam
362 499 455 548 quia
478 499 722 548 proscriptus
745 496 898 533 fuisset.
953 495 1201 546 triumphare
1227 494 1270 532 P.
1295 495 1400 533 Ven-

215 551 360 589 tidium
382 551 433 588 de
457 549 614 587 Parthis
636 549 760 587 voluit
783 550 946 599 quidem
969 549 1110 593 solum,
1132 549 1203 586 sed
1226 548 1400 586 eundem

215 608 255 641 in
288 604 492 655 triumpho
526 603 726 641 Asculano
761 603 832 640 Cn.
869 601 1032 653 Pompei
1067 602 1183 640 duxit
1216 615 1400 653 puerum,

216 671 462 708 quamquam
503 657 703 694 Masurius
743 662 883 693 auctor
921 662 983 694 est
1021 657 1080 693 bis
1119 658 1159 692 in
1197 654 1401 706 triumpho

215 712 396 755 ductum,
417 711 555 748 Cicero
575 710 793 747 mulionem
812 712 1024 747 castrensis
1045 709 1244 746 furnariae
1265 708 1401 754 fuisse,

217 765 373 815 plurimi
396 768 601 801 iuventam
622 766 783 814 inopem
803 766 844 800 in
864 763 993 813 caliga
1014 762 1174 800 militari
1195 762 1400 800 tolerasse.

219 819 298 855 fuit
324 825 367 855 et
394 818 540 855 Balbus
561 817 767 854 Cornelius
787 819 912 854 maior
931 816 1081 860 consul,
1101 816 1171 853 sed
1192 821 1400 853 accusatus

216 878 339 921 atque
362 871 412 908 de
433 874 517 908 iure
540 873 740 922 virgarum
761 873 802 907 in
823 883 916 908 eum
937 869 1113 907 iudicum
1134 872 1174 906 in
1195 869 1400 907 consilium

216 928 372 969 missus,
402 927 552 976 primus
583 930 842 963 externorum
873 930 996 974 atque
1027 926 1151 960 etiam
1181 925 1222 959 in
1252 935 1402 960 oceano

217 981 445 1030 genitorum
485 991 579 1015 usus
618 978 684 1014 illo
723 976 873 1014 honore
913 990 1035 1027 quem
1075 979 1244 1014 maiores
1285 975 1402 1013 Latio

218 1045 377 1083 quoque
398 1037 661 1082 negaverunt.
717 1036 779 1068 est
799 1037 841 1068 et
861 1030 906 1067 L.
929 1030 1088 1067 Fulvius
1108 1033 1213 1067 inter
1232 1031 1403 1081 insignia

218 1085 417 1136 exempla,
460 1084 774 1122 Tusculanorum
818 1084 1100 1121 rebellantium
1143 1083 1293 1127 consul,
1337 1095 1403 1120 eo-

217 1139 392 1189 demque
413 1138 578 1183 honore,
597 1151 689 1176 cum
709 1140 933 1182 transisset,
954 1142 1170 1175 exornatus
1191 1135 1402 1174 confestim

219 1206 242 1229 a
275 1207 312 1243 p.
349 1193 411 1237 R.,
445 1194 512 1242 qui
546 1192 650 1229 solus
685 1191 828 1229 eodem
862 1204 966 1228 anno
1001 1204 1079 1241 quo
1113 1189 1246 1228 fuerat
1278 1189 1403 1227 hostis

218 1246 370 1283 Romae
408 1245 671 1296 triumphavit
708 1258 758 1282 ex
795 1247 841 1281 iis
878 1258 1047 1295 quorum
1083 1243 1218 1281 consul
1255 1242 1400 1280 fuerat.

223 1313 323 1337 unus
356 1299 562 1336 hominum
603 1299 654 1336 ad
687 1298 761 1335 hoc
795 1301 881 1335 aevi
912 1298 1052 1335 Felicis
1079 1298 1151 1335 sibi
1180 1309 1403 1348 cognomen

219 1353 397 1390 adseruit
426 1353 471 1390 L.
501 1352 622 1397 Sulla,
649 1352 751 1389 civili
779 1365 925 1402 nempe
953 1353 1147 1402 sanguine
1175 1364 1221 1388 ac
1248 1353 1403 1401 patriae

218 1409 519 1458 oppugnatione
554 1406 802 1456 adoptatus.²
856 1411 899 1442 et
933 1406 1076 1455 quibus
1110 1404 1312 1442 felicitatis
1346 1406 1404 1440 in—

220 1461 364 1498 ductus
410 1460 685 1511 argumentis?
746 1459 852 1509 quod
898 1459 1143 1509 proscribere
1189 1463 1252 1495 tot
1296 1457 1405 1494 milia

218 1517 364 1551 civium
385 1527 431 1551 ac
451 1513 653 1551 trucidare
674 1512 901 1563 potuisset?
937 1525 960 1549 o
980 1524 1103 1562 prava
1122 1512 1404 1561 interpretatio

291 1594 304 1614 ¹
326 1593 447 1634 Sillim
475 1594 718 1635 proscriptum.
890 1592 903 1612 ¹
925 1591 1133 1634 adoptatum
1150 1590 1338 1623 Hardouin.

263 1706 278 1720 ⁶
300 1702 371 1734 The
388 1701 493 1743 figure
509 1712 617 1733 seems
633 1703 815 1733 incorrect:
839 1700 1015 1732 Fidustius
1028 1710 1096 1732 was
1109 1698 1302 1741 proscribed
1315 1699 1350 1730 in
1363 1700 1399 1731 81

222 1754 302 1782 Β.ο.,
319 1745 387 1776 and
404 1745 575 1786 Antony's
597 1755 711 1786 power
732 1744 813 1785 only
828 1743 936 1785 began
952 1743 1042 1775 aster
1054 1743 1206 1775 Caesar's
1222 1743 1402 1774 assassina-

221 1790 294 1820 tion
307 1789 341 1819 in
355 1790 397 1818 44
418 1797 482 1819 uc.

267 1831 279 1850 ⁶
305 1830 433 1862 Balbus
455 1830 538 1861 born
559 1830 593 1860 in
614 1829 673 1860 the
694 1828 802 1860 island
819 1828 858 1860 of
874 1828 986 1860 Gades
1006 1827 1136 1867 (Cadiz)
1157 1827 1276 1858 sex-ved
1297 1826 1404 1858 under

221 1873 372 1915 Pompey
404 1874 437 1904 in
467 1873 571 1914 Spain
602 1872 669 1903 and
702 1882 768 1903 was
798 1870 1004 1902 established
1037 1871 1081 1912 by
1112 1870 1182 1902 him
1212 1874 1250 1901 at
1281 1869 1400 1902 Rome.

220 1916 374 1947 Accused
395 1917 436 1948 56
459 1925 524 1947 ΒΩ.
546 1915 586 1947 of
602 1915 746 1956 illegally
769 1915 941 1956 assuming
962 1913 1137 1945 citizenshi
1164 1938 1172 1950 ,
1194 1912 1236 1944 he
1257 1923 1326 1944 was
1347 1912 1402 1944 de-

222 1959 343 1990 sended
365 1959 410 2000 by
429 1959 544 1991 Cicero
563 1958 631 1989 and
651 1957 839 1999 acquitted.
887 1957 1056 1990 Octavian
1077 1967 1109 1987 m
1158 1966 1176 1987 e
1196 1955 1266 1987 him
1286 1955 1400 1987 consul

220 2003 264 2033 40
279 2001 482 2043 n.c.—0nly
496 2002 601 2032 aliens
615 2001 714 2032 could
731 2001 771 2032 be
785 1999 967 2032 sentenced
982 2004 1020 2031 to
1033 1999 1189 2041 flogging.

220 2064 291 2111 596
