1515 2351
440 122 568 161 PLIN
573 124 609 161 Y
623 137 632 161 :
684 123 951 161 NATURAL
987 123 1227 162 HISTORY

239 226 470 264 Urbanates
487 228 725 277 cognomine
747 225 1029 263 Metaurenses
1047 232 1090 263 et
1107 226 1172 263 alii
1191 226 1427 272 Hortenses,

239 279 524 323 Vettonenses,
564 279 814 323 Vindinates‚
853 279 1102 316 Visuentani.
1156 281 1197 316 in
1235 279 1310 317 hoc
1346 282 1427 318 situ

238 335 428 370 interiere
455 333 697 383 Felignates,
721 338 763 369 et
786 335 853 382 qui
877 333 1094 370 Clusiolum
1115 338 1286 370 tenuere
1308 346 1427 384 supra

240 386 527 430 Interamnam,
569 392 611 423 et
651 385 884 423 Sarranates
931 399 1022 423 cum
1069 386 1225 437 oppidis
1267 387 1426 424 Acerris

239 452 342 489 quae
393 439 553 476 Vafriae
602 440 1003 489 cognominabantur,
1052 439 1270 477 Turocaelo
1319 440 1426 490 quod

239 492 476 537 Vettiolum,
502 495 602 529 item
628 488 841 537 Solinates,
867 492 1060 537 Suriates,
1089 493 1304 538 I·alinates,
1330 493 1427 544 Sap·

239 549 408 596 pinates.
463 549 652 583 interiere
696 552 739 583 et
780 547 969 583 Arinates
1011 559 1102 583 curn
1145 546 1342 584 Crinivolo
1383 552 1426 584 et

240 599 445 637 Usidicani
496 606 539 637 et
589 598 847 650 Plangenses,
899 598 1145 644 Paesinates,
1196 599 1425 637 Caelestini.

238 655 444 690 Ameriam
472 666 591 703 supra
619 656 809 703 scriptam
844 653 944 690 Cato
978 660 1073 690 ante
1109 652 1244 691 Persei
1277 653 1426 691 bellum

237 706 441 744 conditam
460 710 572 743 annis
593 719 806 743 Dccccmtm
824 707 970 757 prodit.

156 765 215 795 115
289 760 375 797 XV.
406 760 561 798 Octava
596 763 707 811 regio
742 760 1036 797 determinatur
1071 761 1266 805 Arimino,
1303 759 1426 805 Pad0‚

238 815 493 864 Appennino.
550 817 592 850 in
621 827 690 851 ora
720 813 860 851 fluvius
891 813 1178 858 Crustumium,
1200 815 1426 851 Ariminum

237 867 393 904 colonia
428 881 519 904 cum
557 868 740 904 amnibus
777 868 959 905 Arimino
996 873 1040 904 et
1076 868 1248 918 Aprusa,
1285 867 1426 904 fluvius

239 920 405 965 Rubico,
428 921 632 971 quondam
656 921 742 958 finis
767 920 922 958 Italiae.
977 921 1029 958 ab
1052 933 1100 958 eo
1123 920 1236 971 Sapis
1258 927 1302 958 et
1325 920 1426 958 Vitis

239 981 281 1012 et
304 975 477 1019 Anemo,
501 974 693 1012 Ravenna
716 973 955 1011 Sabinorum
978 974 1169 1025 oppidum
1193 987 1284 1011 cum
1308 987 1426 1012 amne

237 1028 408 1073 Bedese,
439 1029 490 1065 ab
522 1029 690 1065 Ancona
721 1034 771 1066 ff
798 1042 837 1079 p.
871 1041 944 1065 nec
975 1027 1112 1078 procul
1143 1041 1167 1065 a
1197 1030 1297 1065 mari
1329 1027 1427 1066 Um-

237 1082 398 1119 brorum
433 1081 629 1119 Butrium.
684 1084 792 1118 intus
826 1081 1005 1119 coloniae
1039 1081 1232 1126 Bononia,
1269 1081 1427 1118 Felsina

238 1138 413 1173 vocitata
431 1142 519 1173 tum
533 1134 548 1158 ²
567 1149 658 1172 cum
671 1138 856 1186 princeps
873 1135 1059 1172 Etruriae
1072 1141 1195 1179 esset,
1206 1134 1427 1180 Bcixillum,

241 1188 415 1234 Mutina,
428 1188 585 1233 Parma,
599 1187 806 1226 Placentia
818 1201 827 1232 ;
853 1189 1002 1239 oppida
1015 1188 1209 1233 Caesena,
1222 1188 1425 1234 Claterna,

155 1247 214 1278 116
240 1242 340 1280 Foro
385 1242 512 1287 Clodi,
556 1242 657 1287 Livi,
702 1241 843 1293 Popili,
885 1242 1210 1286 Truentinorum,
1255 1241 1427 1287 Corneli,

239 1296 378 1341 Licini,
431 1296 654 1341 faventini,
705 1295 923 1340 Fidentini,
973 1295 1145 1340 Otesini,
1196 1294 1426 1340 Padinates,

239 1350 458 1401 Regienses
492 1363 515 1386 a
549 1349 719 1400 Lepido,
752 1348 974 1394 Solonates,
1008 1349 1222 1400 Saltusque
1255 1348 1425 1386 Galliani

239 1406 305 1454 qui
331 1406 666 1454 cognominantur
690 1404 930 1453 Aquinates,
955 1403 1197 1448 Tannetani,
1223 1402 1426 1440 Veleiates

236 1460 473 1508 cognomine
527 1459 653 1494 veteri
707 1456 911 1507 Regiates,
964 1456 1206 1494 Urbanates.
1261 1458 1301 1493 in
1351 1455 1427 1493 hoc

237 1516 371 1548 tractu
412 1513 652 1548 interierunt
693 1510 764 1547 Boi
806 1523 975 1560 quorum
1015 1510 1143 1547 tribus
1184 1521 1264 1546 cxu
1304 1508 1426 1547 fuisse

237 1570 377 1602 auctor
398 1570 460 1601 est
481 1564 596 1609 Cato,
616 1566 716 1601 item
737 1563 915 1600 Senones
937 1565 1005 1614 qui
1025 1569 1222 1614 ceperunt
1243 1562 1424 1600 Romam.

608 1681 621 1701 ¹
645 1681 802 1722 Maylwff
813 1693 820 1712 :
851 1681 1056 1713 vocitatum.

284 1825 407 1854 ⁰171-
411 1823 471 1854 167
490 1832 521 1854 Β.
525 1832 555 1854 c.

287 1867 299 1886 ⁶
323 1865 495 1907 Probably
511 1865 570 1897 the
586 1865 758 1897 Pisatello.

323 1909 351 1939 A
375 1877 495 1941 Galliey
504 1908 592 1940 tribe
615 1909 690 1940 who
712 1907 836 1940 settled
858 1908 969 1941 South
991 1908 1027 1940 oi
1049 1907 1108 1940 the
1129 1906 1224 1950 Alps,
1247 1906 1317 1939 and
1337 1917 1424 1940 were

241 1952 431 1993 conquered
460 1952 506 1993 by
527 1952 639 1993 Scipio
667 1952 792 1983 Nasica
819 1951 853 1983 in
879 1952 936 1983 191
965 1960 1030 1983 Rc.
1076 1950 1172 1992 They
1197 1950 1365 1992 migrated
1387 1954 1425 1982 to

241 1995 418 2033 Bohemia,
433 1994 543 2026 which
557 1962 658 2026 tszes
671 1995 716 2026 its
729 2004 831 2026 name
844 1994 933 2026 {rom
947 1994 1054 2026 them.

239 2066 287 2111 84
