1515 2351
106 1291 143 1321 10

373 137 563 176 PLINY:
615 138 880 176 NATURAL
918 137 1156 176 HISTORY

171 240 335 278 Graecis
359 243 585 290 nostrisque
611 246 653 278 et
677 240 754 277 alia
778 240 942 290 quidem
967 239 1148 277 fabulosa
1172 245 1215 277 et
1238 240 1356 278 urbes

171 310 317 347 multas
351 311 401 347 ab
436 323 484 347 eo
516 310 698 347 conditas
732 310 786 346 ibi
819 309 1046 360 prodidere,
1080 322 1249 360 quarum
1282 322 1356 347 nec

171 382 362 416 memoria
384 379 461 416 ulla
483 392 556 416 nec
576 381 791 429 vestigium
811 384 958 416 exstat.

223 447 406 498 Scipione
429 448 654 485 Aemiliano
676 461 738 485 res
759 450 799 485 in
820 448 957 485 Africa
977 453 1146 499 gerente
1169 446 1356 499 Polybius

171 517 373 554 annalium
407 517 590 555 conditor
624 518 675 554 ab
711 531 759 554 eo
793 524 959 568 accepta
994 517 1118 554 classe
1153 517 1356 555 scrutandi

171 587 272 623 illius
289 587 393 623 orbis
408 590 538 637 gratia
554 590 842 624 circumvectus
859 587 1034 638 prodidit
1051 600 1073 623 a
1089 592 1226 624 monte
1243 600 1291 624 eo
1306 587 1356 624 ad

171 670 353 693 occasum
395 670 530 694 versus
571 657 694 694 saltus
735 656 874 708 plenos
915 657 1008 694 feris
1049 670 1147 706 quas
1187 663 1357 707 generat

172 727 329 770 Africa;
380 727 431 764 ad
462 726 610 764 flumen
638 727 804 764 Anatim
835 730 1032 772 ccccxcvi,
1053 727 1103 764 ab
1133 740 1181 764 eo
1213 726 1357 764 Lixum

171 798 238 833 5
272 797 466 847 Agrippa,
492 797 637 834 Lixum
667 810 690 833 a
719 797 922 834 Gaditano
951 795 1056 833 freto
1085 798 1163 833 5351}
1195 797 1357 841 abesse;

172 866 263 903 inde
301 869 431 904 sinum
470 870 536 918 qui
575 873 740 904 vocetur
776 866 926 917 Sagigi,
963 866 1155 916 oppidum
1193 869 1233 903 in
1270 880 1357 917 pro-

173 939 376 974 munturio
419 936 662 982 Mulelacha,
697 937 861 974 flumina
901 935 1110 973 Sububum
1151 942 1194 974 et
1233 935 1357 983 Salat,

172 1012 331 1056 portum
364 1006 535 1043 Rutubis
562 1020 585 1043 a
612 1006 713 1043 Lixo
740 1008 891 1050 ίτςῖῐιν,
917 1006 1010 1042 inde
1035 1009 1357 1056 promunturium

171 1074 284 1121 Solis,
302 1082 463 1127 portum
488 1075 728 1127 Rhysaddir,
748 1075 942 1112 Gaetulos
961 1075 1189 1121 Autoteles,
1208 1075 1357 1113 flumen

171 1145 419 1192 Quosenum,
457 1153 601 1197 gentes
641 1146 837 1183 Velatitos
883 1151 925 1183 et
974 1145 1169 1190 Masatos,
1209 1145 1357 1183 flumen

174 1215 397 1261 Masathat,
432 1216 580 1253 flumen
621 1217 764 1260 Darat,
798 1218 837 1252 in
872 1229 950 1265 quo
983 1215 1198 1252 crocodilos
1232 1218 1355 1267 gigni.

171 1285 264 1322 dein
285 1289 415 1322 sinum
439 1299 552 1323 ncxvl
575 1286 722 1323 includi
744 1287 890 1322 montis
912 1285 1060 1322 Bracae
1081 1288 1357 1335 promunturio

172 1361 410 1392 excurrente
434 1357 471 1391 in
495 1369 693 1400 occasum,
716 1355 822 1405 quod
845 1354 1071 1405 appelletur
1093 1353 1354 1392 Surrentium.

171 1431 313 1475 postea
328 1425 477 1462 flumen
493 1424 662 1469 Salsum,
678 1425 783 1462 ultra
798 1424 904 1474 quod
920 1423 1142 1474 Aethiopas
1159 1422 1357 1470 Perorsos,

171 1508 339 1545 quorum
374 1509 397 1532 a
430 1501 546 1545 tergo
581 1494 803 1531 Phar-usios.
860 1493 918 1531 his
953 1496 1061 1543 iungi
1096 1496 1135 1530 in
1169 1494 1358 1532 mediter-

172 1578 293 1602 raneo
313 1565 506 1602 Gaetulos
528 1565 669 1608 Daras,
688 1571 728 1601 at
750 1567 787 1601 in
807 1578 875 1601 ora
894 1563 1116 1613 Aethiopas
1136 1564 1357 1610 Daratitas,

172 1634 320 1671 flumen
359 1635 601 1672 Bambotum
641 1634 845 1671 crocodilis
884 1640 925 1671 et
964 1633 1260 1684 hippopotamis
1298 1647 1356 1672 rc-

172 1704 332 1742 fertum.
389 1705 439 1741 ab
477 1718 525 1741 eo
563 1711 720 1741 montes
758 1710 975 1754 perpetuos
1013 1717 1138 1754 usque
1177 1703 1226 1740 ad
1265 1717 1355 1741 eum

172 1788 292 1824 quem
345 1774 483 1812 Theon
539 1774 718 1812 Ochema
772 1774 961 1811 dicemus
1018 1774 1110 1810 inde
1165 1773 1215 1810 ad
1269 1788 1356 1825 pro-

172 1848 419 1882 munturium
482 1845 722 1895 Hesperium
786 1847 1040 1894 navigatione
1098 1843 1253 1880 dicrum
1311 1858 1356 1882 ac

215 1946 229 1961 ⁰
253 1942 293 1973 In
317 1941 375 1973 the
399 1940 505 1972 Third
530 1941 637 1972 Punic
654 1941 747 1977 lVar,
767 1940 862 1971 when
880 1940 1049 1981 Carthago
1066 1950 1134 1970 was
1157 1940 1354 1982 destroyed,

180 1987 238 2046 ¹4⁶ss
251 1994 400 2068 {gell-'hapa
417 2027 475 2058 tho
493 2027 709 2068 Om-Rabya.
853 2030 863 2045 ⁶
882 2025 1005 2057 Mount
1021 2025 1219 2057 Kakuh'ma.

176 2086 244 2118 224
