1515 2351
176 414 211 445 ll

175 1471 213 1502 13

446 118 531 156 PLl
541 119 635 156 NY:
689 120 953 157 NATURAL
990 119 1227 158 HISTORY

240 222 379 261 fodere
419 223 631 274 navigabili
671 223 783 261 alveo
822 226 1027 274 angustias
1067 237 1133 261 eas
1172 229 1425 274 temptavere

241 285 473 323 Demetrius
517 299 601 330 rex,
644 285 818 323 dictator
860 286 1019 330 Caesar,
1063 285 1186 323 Gaius
1228 288 1426 336 princeps,

241 348 442 385 Domitius
479 348 599 393 Nero,
633 348 805 393 nefasto,
840 354 885 386 ut
920 350 1097 385 omnium
1132 351 1245 385 exitu
1279 351 1426 398 patuit,

240 412 413 460 incepto.
468 412 508 447 in
551 409 685 447 medio
727 410 801 447 hoc
843 410 1051 447 intervallo
1094 410 1201 461 quod
1245 409 1425 448 Isthmon

240 472 526 523 appellavimus
551 472 751 523 adplicata
773 472 862 510 colli
886 472 1092 510 habitatur
1113 473 1268 510 colonia
1291 472 1426 510 Corin-

240 534 333 571 thus
355 541 476 571 antea
497 534 661 585 Ephyra
681 534 791 572 dicta
811 537 1024 585 sexagenis
1045 535 1096 571 ab
1118 541 1288 586 utroque
1309 534 1426 572 litore

240 596 394 642 stadiis,
410 610 431 634 e
447 610 602 634 summa
617 610 687 634 sua
702 610 792 634 arce
808 610 911 647 quac
927 603 1091 635 vocatur
1105 596 1427 642 Acrocorinthos,

241 661 280 695 in
309 672 387 709 qua
415 658 501 696 fons
530 657 687 703 Pirene,
714 659 870 696 diversa
897 659 975 696 duo
1003 661 1127 696 maria
1153 665 1423 710 prospectans.

242 735 416 759 Luxvm
457 735 494 772 p.
537 721 588 757 ad
629 720 925 758 Corinthiacum
965 724 1095 758 sinum
1135 724 1325 759 traiectus
1366 727 1428 758 est

241 781 380 820 Patras
418 796 441 820 a
479 783 678 820 Leucade.
735 782 894 828 Patrae,
930 783 1085 821 colonia
1120 785 1161 820 in
1199 783 1426 834 longissimo

240 847 518 896 promunturio
535 844 798 896 Peloponnesi
814 846 978 883 condita
993 859 1040 883 ex
1059 845 1225 883 adverso
1241 845 1426 883 Aetoliae

241 913 283 944 et
298 907 470 945 fluminis
485 907 625 952 Eveni‚
640 910 769 945 minus
785 920 814 944 M
831 922 884 958 p.‚
900 914 944 945 ut
958 908 1112 945 dictum
1127 913 1202 953 est,
1216 907 1424 945 intervallo

241 971 281 1006 in
337 972 429 1019 ipsis
475 969 654 1007 faucibus
699 972 828 1007 sinum
874 969 1172 1007 Corinthiacum
1218 976 1340 1008 iffi
1385 971 1424 1006 in

240 1031 534 1081 longitudinem
555 1045 680 1082 usquc
701 1032 752 1069 ad
775 1031 955 1069 Isthmon
974 1034 1267 1069 transmittunt.

292 1093 337 1130 V.
368 1093 544 1131 Achaiae
575 1107 721 1131 nomen
752 1097 976 1145 provinciae
1007 1095 1058 1131 ab
1090 1093 1243 1131 Isthmo
1272 1096 1423 1144 incipit.

241 1161 362 1192 antea
383 1156 571 1206 Aegialos
593 1157 810 1193 vocabatur
831 1162 996 1206 propter
1017 1157 1134 1193 urbes
1155 1159 1195 1193 in
1216 1155 1333 1193 litore
1354 1169 1426 1206 per

241 1218 421 1255 ordinem
435 1218 658 1268 dispositas
715 1221 866 1269 primae
879 1220 932 1255 ibi
945 1232 1043 1269 quas
1055 1219 1228 1256 diximus
1243 1217 1426 1256 Lecheae

242 1279 537 1317 Corinthiorum
586 1286 738 1331 portus,
789 1294 880 1318 mox
932 1281 1074 1332 Olyros
1125 1279 1426 1318 Pellenaeorum

240 1341 463 1387 castellum,
496 1343 644 1393 oppida
683 1342 836 1388 Helice,
870 1342 987 1387 Bura,
1021 1345 1061 1379 in
1100 1356 1203 1394 quae
1241 1342 1427 1393 refugere

241 1403 393 1442 haustis
419 1406 628 1455 prioribus,
655 1404 813 1456 Sicyon,
841 1406 1003 1455 Aegira,
1031 1406 1219 1455 Aegium,
1248 1405 1425 1442 Erineos.

241 1469 348 1504 intus
361 1467 548 1512 Cleonae,
563 1467 725 1517 Hysiae.
771 1466 1015 1504 Panhormus
1029 1474 1166 1518 portus
1177 1467 1426 1505 demonstra-

240 1534 408 1579 tumque
442 1531 521 1566 iam
555 1528 714 1574 Rhium,
747 1543 770 1566 a
803 1543 882 1580 quo
914 1532 1190 1580 promunturio
1224 1535 1247 1567 V
1280 1530 1425 1567 absunt

241 1588 385 1628 Patrae
431 1605 529 1642 quas
574 1605 693 1641 supra
738 1594 1057 1637 memoravimus,
1103 1591 1209 1629 locus
1256 1589 1421 1629 Pherae.

281 1710 295 1725 ⁶
318 1705 390 1737 The
407 1706 541 1747 projcct
557 1716 627 1737 was
645 1706 799 1737 rencwed
819 1707 851 1737 in
873 1707 955 1738 1889
977 1706 1046 1737 and
1065 1705 1260 1747 completed
1278 1706 1312 1737 in
1333 1707 1426 1744 1893,

238 1748 386 1780 without
414 1749 605 1780 disastrous
639 1749 762 1780 results
795 1754 920 1790 except
953 1753 990 1781 to
1022 1749 1081 1780 the
1117 1750 1268 1780 finances
1295 1748 1331 1780 ot
1369 1748 1428 1780 the

239 1792 382 1830 original
401 1797 604 1834 promoters.
653 1792 725 1823 The
743 1792 842 1823 canal
862 1794 887 1824 is
903 1792 1014 1823 about
1031 1793 1108 1824 four
1125 1792 1221 1823 miles
1239 1791 1328 1832 long.

285 1836 296 1854 ⁶
322 1836 507 1876 Originally
526 1836 584 1866 the
605 1835 740 1867 district
757 1836 791 1867 of
820 1836 946 1867 Phthia
963 1836 996 1867 in
1015 1835 1073 1867 the
1089 1835 1191 1867 south
1210 1835 1244 1867 of
1263 1835 1426 1878 Thessaly

238 1878 304 1910 had
324 1879 391 1910 this
410 1889 519 1910 name.

284 1926 295 1941 ⁶
317 1922 389 1953 'she
405 1923 591 1953 Sea-coast.

281 1965 295 1983 ⁴
320 1964 577 2005 Headquarters
595 1965 630 1996 of
649 1965 707 1996 the
725 1963 781 1995 old
801 1964 960 1996 Achaean
980 1965 1124 2006 Leaguo.

283 2012 294 2026 ⁶
319 2007 439 2049 Owing
457 2012 494 2039 to
510 2017 554 2039 an
572 2007 791 2049 earthquako
809 2008 843 2039 in
860 2009 924 2041 373
943 2017 1008 2040 1³.c.

248 2053 315 2090 126
