1515 2351
406 125 597 164 PLINY:
650 127 914 165 NATURAL
952 126 1189 164 HISTORY

124 234 182 266 137
260 230 497 275 Vennonetes,
537 230 696 275 Isarchi,
735 230 887 275 Breuni,
924 230 1133 275 Genaunes,
1171 231 1388 276 Focunates,

263 292 530 329 Vindelicorum
555 299 682 343 gentes
709 298 892 343 quattuor,
917 292 1151 337 Cosuanetes,
1178 291 1389 338 Rucinates,

257 353 414 398 Licates,
459 354 663 398 Catenates,
704 353 945 398 Ambisontes,
986 353 1162 404 Rugusci,
1202 353 1388 399 Suanetes,

261 415 473 460 Calucones,
522 415 726 460 Bria-entes,
774 415 940 465 Leponti,
996 415 1119 460 Uberi,
1170 415 1389 461 Nantuates,

258 477 408 522 Seduni,
430 477 605 528 l'aragri,
622 476 779 521 Salassi,
797 477 1025 521 Acitavones,
1043 476 1217 522 Medulli,
1239 477 1389 522 Ucenni,

263 538 466 589 Caturiges,
505 539 690 589 Brigiani,
729 538 902 584 Sabionti,
941 538 1145 583 Brodionti,
1179 539 1390 584 Nemaloni,

257 600 453 646 Edenates,
499 600 709 645 Vesubiani,
756 600 935 645 Veamini,
979 600 1154 645 Gallitae,
1203 600 1390 645 Triullati,

256 662 403 707 Ecdini,
464 662 663 713 Vergunni,
717 662 904 713 Eguituri,
959 661 1167 707 Nematuri,
1222 661 1391 707 Oratelli,

259 724 411 768 Nerusi,
449 724 618 768 Velauni,
649 724 779 761 Suetri.

122 823 182 855 138
254 819 342 855 Non
363 825 456 856 sunt
475 819 659 856 adiectae
680 819 893 856 Cottianae
913 822 1097 856 civitates
1117 832 1165 856 xv
1187 831 1290 870 quae
1310 831 1390 856 non

201 880 360 918 fuerant
403 880 578 925 hostiles,
620 883 719 918 item
761 880 990 918 adtributae
1033 883 1260 932 municipiis
1302 892 1390 932 lege

202 941 403 993 Pompeia.

258 1004 368 1041 Haec
400 1010 461 1042 cst
494 1004 610 1041 Italia
639 1004 699 1041 dis
730 1017 853 1049 sacra,
884 1003 959 1041 hae
989 1010 1134 1056 gentes
1165 1007 1262 1049 eius,
1292 1003 1391 1042 haec

201 1066 349 1116 oppida
395 1066 653 1117 populorum
714 1079 833 1116 super
879 1065 977 1103 haec
1026 1066 1143 1103 Italia
1189 1079 1292 1117 quae
1340 1065 1384 1104 L.

204 1128 375 1165 Aemilio
420 1127 558 1178 Papo,¹
603 1128 645 1165 C.
687 1127 812 1164 Atilio
858 1128 1010 1178 Regulo
1053 1141 1150 1165 coss.
1206 1130 1391 1165 nuntiato

203 1189 354 1227 Gallico
375 1190 551 1227 tumultu
572 1189 654 1227 sola
674 1193 758 1226 sine
781 1192 958 1226 externis
982 1189 1067 1227 ullis
1089 1189 1244 1227 auxiliis
1266 1196 1387 1240 atque

202 1254 324 1288 etiarn
344 1258 438 1289 tunc
456 1254 541 1289 sine
559 1251 852 1301 Transpadanis
871 1254 1052 1302 equitum
1073 1258 1183 1295 1:3551,
1203 1251 1387 1302 peditum

207 1319 277 1351 1566
307 1316 486 1350 armavit.
543 1313 794 1350 metallorum
825 1316 1001 1350 omnium
1033 1312 1244 1350 fertilitate
1276 1313 1390 1350 nullis

204 1375 311 1412 cedit
351 1378 489 1419 terris;
543 1375 613 1412 scd
654 1375 912 1412 interdictum
954 1374 994 1411 id
1033 1380 1171 1412 vetere
1210 1374 1391 1412 consulto

203 1443 362 1487 patrum
385 1437 526 1474 Italiae
547 1439 654 1487 parci
676 1438 911 1474 iubentium.

128 1503 187 1535 139
259 1499 368 1535 XXI.
400 1500 538 1536 Arsiae
565 1512 664 1550 gens
693 1498 957 1535 Liburnorum
985 1500 1162 1550 iungitur
1189 1512 1313 1549 usque
1340 1498 1391 1536 ad

206 1560 352 1597 flumen
383 1561 558 1611 Tityum.
615 1574 704 1611 pars
727 1563 810 1597 eius
834 1560 944 1597 fuere
971 1560 1192 1605 Mentores,
1216 1560 1390 1605 Himani,

206 1622 444 1667 Encheleae,
491 1622 591 1659 Buni
638 1628 679 1659 et
725 1636 822 1673 quos
869 1621 1132 1659 Callimachus
1180 1620 1388 1659 Peucetios

206 1684 394 1735 appellat,
421 1698 524 1721 nunc
551 1690 682 1720 totum
710 1698 788 1720 uno
815 1687 974 1721 nomine
1002 1683 1203 1735 Illyricum
1229 1689 1391 1721 vocatur

204 1749 442 1797 generatim.
498 1745 734 1796 populorum
752 1759 878 1796 pauca
895 1745 1018 1783 effatu
1035 1745 1158 1797 digna
1175 1752 1244 1783 aut
1261 1745 1390 1782 facilia

205 1810 377 1845 nomina.
432 1813 673 1845 conventum
696 1807 1029 1844 Scardonitanum
1050 1813 1196 1858 petunt
1218 1807 1389 1858 Iapudes

642 1902 655 1921 ¹
680 1901 786 1933 Edd.:
821 1901 937 1933 Paulo.

476 1993 490 2008 ⁶
513 1989 576 2019 225
592 1997 657 2020 1³.o.
705 1987 856 2030 Regulus
870 1988 925 2020 feu
939 1988 973 2020 in
988 1989 1115 2021 action.

214 2063 277 2088 102
