1515 2351
131 585 190 616 123

132 1356 191 1387 124

412 126 602 164 PLINY:
655 127 921 165 NATURAL
958 126 1197 164 HISTORY

214 230 410 275 Evenum,
452 233 562 267 cuius
606 232 646 267 in
690 233 782 280 ripis
827 230 1065 268 intercidere
1112 230 1310 280 Lyrnesos
1355 235 1398 268 et

217 300 391 338 Miletos.
444 302 485 337 in
515 299 588 337 hoc
618 305 753 337 tractu
786 299 856 337 Ide
889 313 1015 344 mons,
1047 305 1090 337 et
1121 302 1162 336 in
1193 313 1262 336 ora
1293 313 1398 351 quae

214 373 342 407 sinum
387 372 683 420 cognominavit
730 375 772 407 et
818 375 1060 407 conventum
1107 369 1398 420 Adramytteos

213 440 305 477 olim
357 439 532 477 Pedasus
582 439 704 484 dicta,
753 439 917 476 flumina
967 439 1130 483 Astron,
1180 438 1399 484 Cormalos,

213 509 390 554 Crianos,
429 509 678 553 Alabastros,
717 509 860 546 Hieros
900 521 950 546 ex
991 508 1086 552 Ida;
1139 511 1246 546 intus
1285 522 1398 546 mons

216 580 398 630 Gargara
445 579 667 630 eodemque
715 582 875 616 nomine
922 579 1126 629 oppidum.
1179 592 1312 616 rursus
1358 581 1399 616 in

215 650 329 687 litore
348 649 580 687 Antandros
599 649 747 686 Edonis
765 652 872 699 prius
891 654 1048 692 vocata,
1066 648 1159 686 dein
1178 649 1400 693 Cimmeris,

214 721 348 764 Assos,
373 719 517 757 eadem
542 719 778 770 Apollonia;
817 718 893 755 fuit
920 724 961 756 et
987 718 1263 756 Palamedium
1289 721 1399 769 oppi-

214 790 323 827 dum.
376 791 697 840 promunturium
727 788 897 826 Lectum
922 788 1203 826 disterminans
1231 788 1400 826 Aeolida

215 867 256 897 et
287 859 458 897 Troada.
520 858 597 896 fuit
629 865 671 897 et
711 858 946 910 Polymedia
977 861 1129 902 civitas,
1162 857 1315 909 Chrysa
1357 864 1400 896 et

216 930 353 967 Larisa
402 929 501 966 alia:
566 928 809 966 Zminthium
859 927 1056 978 templum
1107 928 1238 966 durat.
1292 930 1399 966 intus

214 999 363 1037 Colone
386 999 600 1037 intercidit.
655 998 872 1049 deportant
896 998 1212 1048 Adramytteum
1236 1001 1400 1049 negotia

214 1070 497 1120 Apolloniatae
515 1083 537 1106 a
555 1068 775 1119 Rhyndaco
793 1081 925 1112 amne,
943 1068 1068 1112 Eresi,
1089 1068 1400 1118 Miletopolitae.

215 1139 472 1183 Poemaneni,
498 1139 743 1176 Macedones
768 1138 1021 1182 Asculacae)
1047 1137 1289 1182 Polichnaei‚
1313 1137 1400 1175 Pio-

214 1213 338 1254 nitae,
372 1209 513 1247 Cilices
554 1209 895 1252 Mandacandeni,
937 1208 1071 1258 Mysi²
1107 1208 1322 1245 Abretteni
1357 1213 1399 1246 et

214 1280 480 1330 Hellespontii
501 1279 695 1330 appellati
716 1285 758 1316 et
778 1279 843 1315 alii
864 1278 1070 1329 ignobiles.

266 1350 461 1387 XXXIII.
489 1349 654 1387 Troadis
689 1352 838 1399 primus
873 1349 981 1386 locus
1016 1348 1272 1393 Hamaxitus,
1306 1348 1399 1386 dein

215 1415 410 1453 Cebrenia
462 1418 627 1465 ipsaque
677 1414 800 1451 Troas
852 1414 1071 1464 Antigonia
1122 1413 1244 1458 dicta,
1295 1427 1400 1451 nunc

215 1479 474 1524 Alexandria,
502 1479 656 1516 colonia
687 1478 891 1522 Romana;
935 1477 1125 1528 oppidum
1157 1477 1265 1522 Nee;
1308 1477 1399 1515 Sca-

216 1544 381 1582 mander
395 1546 522 1581 amnis
537 1543 773 1594 navigabilis
790 1549 832 1580 et
848 1545 887 1579 in
904 1545 1178 1592 promunturio
1195 1541 1399 1593 quondam

215 1609 376 1659 Sigeum
439 1608 642 1658 oppidum.
696 1607 789 1645 dein
850 1613 988 1657 portus
1040 1606 1308 1651 Achaeorum,
1359 1610 1399 1644 in

215 1687 335 1723 quem
357 1673 486 1710 influit
508 1672 693 1709 Xanthus
716 1671 909 1709 Siinoenti
939 1674 1096 1708 iunctus
1129 1677 1401 1722 stagnumque

215 1742 321 1788 prius
345 1737 495 1774 faciens
520 1736 893 1774 Palaescamander.
949 1738 1072 1773 ceteri
1097 1735 1273 1773 Homero
1297 1736 1399 1774 cele-

215 1803 334 1846 brati,
348 1801 516 1846 Rhesus,
533 1801 805 1851 Heptaporus,
820 1800 1004 1845 Caresus,
1020 1799 1212 1844 Rhodius,
1229 1802 1399 1851 vestigia

216 1880 293 1904 non
318 1865 492 1910 habent3
531 1865 724 1903 Granicus
749 1865 904 1903 diverso
928 1871 1062 1902 tractu
1087 1867 1126 1901 in
1152 1863 1398 1915 Propontida

411 1963 423 1984 ¹
447 1974 467 1994 a
483 1962 620 2003 Scylace
638 1962 820 2003 Dellq'sm.

413 2008 424 2025 '-'
450 2006 619 2047 Mayhoss:
646 2005 756 2047 Mysia.
773 2006 821 2045 (in
840 2005 949 2046 Mysia
969 2004 1190 2044 Hermolaus).

215 2073 282 2108 312
