1515 2351
75 805 132 836 147

73 1461 133 1490 148

352 113 542 152 PLINY:
595 114 859 152 NATURAL
896 112 1132 151 HISTORY

151 225 354 270 caputque
377 218 579 268 quondam
604 220 686 254 eius
711 217 916 254 Gordium.
971 219 1037 267 qui
1060 222 1218 266 partem
1242 229 1332 253 eam

153 291 334 329 insedere
348 291 554 328 Gallorum
567 290 600 326 T
602 289 826 340 olistobogii
843 295 884 326 et
897 289 1037 327 Voturi
1051 295 1093 327 et
1107 289 1331 326 Ambitouti

153 370 358 407 vocantur,
387 366 454 414 qui
487 363 701 400 Maeoniae
731 369 773 400 et
803 361 1101 413 Paphlagoniae
1129 364 1332 412 regionem

152 437 325 487 Trogmi.
379 435 657 486 praetenditur
677 434 930 485 Cappadocia
954 448 976 471 a
997 437 1272 484 septentrione
1292 440 1333 471 et

153 509 243 546 solis
289 515 394 553 ortu,
440 511 549 545 cuius
597 508 838 545 uberrimam
885 513 1044 558 partem
1091 520 1334 557 occupavere

153 582 394 632 Tectosages
410 595 456 618 ac
471 581 770 618 Toutobodiaci.
819 586 860 617 et
876 581 1038 630 gentes¹
1059 579 1221 630 quidem
1236 579 1335 623 hae3

154 655 289 704 populi
332 667 424 691 vero
467 667 512 690 ac
555 653 798 690 tetrarchiae
841 666 977 689 omnes
1021 665 1186 689 numero
1229 664 1333 689 cxcv.

155 727 301 777 oppida
338 727 605 776 Tectosagum
646 726 819 776 Ancyra,
857 725 1118 775 Trogmorum
1156 725 1336 769 Tavium,

155 800 513 849 'I‘olistobogiorum
528 799 720 835 Pisinuus.
773 804 934 848 praeter
946 797 1015 834 hos
1027 797 1203 835 celebres
1216 798 1336 835 Acta-

156 873 298 916 lenses,
313 872 560 915 Alassenses,
575 871 805 915 Comenses,
822 871 1046 914 Didienses,
1062 870 1336 914 Hierorenses,

158 945 357 996 Lystreni,
413 944 682 994 Neapolitani,
738 943 1011 988 Oeandenses,
1065 942 1336 988 Seleucenses,

156 1018 380 1061 Sebasteni,
407 1018 743 1061 Timoniacenses,
770 1016 1008 1054 Thebaseni.
1064 1018 1229 1066 attingit
1258 1016 1337 1053 Ga-

154 1091 251 1128 latia
283 1096 324 1128 et
356 1089 615 1141 Pamphyliae
647 1089 855 1127 Cabaliam
886 1095 928 1127 et
961 1089 1107 1140 Milyas
1139 1091 1205 1139 qui
1235 1091 1337 1126 circa

155 1163 287 1201 Barim
318 1169 409 1200 sunt
442 1169 483 1200 ct
514 1162 762 1214 Cyllanicum
794 1168 836 1199 et
867 1162 1135 1199 Oroandicum
1168 1161 1338 1200 Pisidiae

154 1242 343 1280 tractum,
362 1239 458 1273 item
480 1236 705 1286 Lycaoniae
723 1241 882 1286 partem
901 1235 1119 1272 Obizenen.
1175 1234 1338 1272 flumina

155 1315 247 1346 sunt
269 1312 308 1345 in
332 1322 379 1346 ea
401 1315 562 1359 praeter
582 1311 662 1345 iam
685 1308 792 1345 dicta
814 1307 1051 1358 Sangarium
1075 1313 1116 1345 et
1140 1307 1293 1353 Gallus,
1315 1321 1337 1344 a

156 1396 233 1432 quo
253 1395 397 1419 nomen
416 1388 576 1418 traxere
599 1381 742 1418 Matris
763 1382 895 1418 Deum
913 1381 1154 1418 sacerdotes.

208 1454 359 1492 XLIII.
390 1455 503 1491 Nunc
548 1454 700 1504 reliqua
744 1457 784 1490 in
828 1467 910 1491 ora.
964 1467 987 1490 a
1032 1454 1102 1491 Cio
1146 1456 1252 1491 intus
1296 1456 1335 1491 in

158 1527 343 1578 Bithynia
372 1527 495 1564 Prusa
515 1528 564 1564 ab
586 1526 814 1564 Hannibale
834 1527 906 1564 sub
928 1526 1101 1577 Olympo
1123 1526 1338 1564 condita—-

156 1601 247 1638 inde
278 1601 469 1637 Nicaeam
496 1614 568 1638 xiw
599 1614 637 1650 p.
670 1602 962 1638 interveniente
989 1600 1160 1637 Ascanio
1183 1600 1335 1645 lacu———,

154 1674 246 1710 dein
265 1673 413 1710 Nicaea
431 1675 469 1710 in
489 1673 628 1709 ultimo
647 1673 819 1710 Ascanio
836 1675 938 1717 sinu,
956 1686 1059 1723 quae
1077 1675 1184 1723 prius
1203 1672 1336 1718 Olbia,

155 1752 197 1783 et
230 1745 400 1790 Prusias,
434 1749 530 1783 item
564 1745 692 1783 altera
725 1746 798 1783 sub
833 1745 967 1797 Hypio
999 1751 1149 1783 monte.
1224 1744 1335 1783 fuere

155 1818 401 1869 Pythopolis,
424 1817 740 1868 Parthenopolis,
762 1817 1035 1869 Coryphanta.
1089 1824 1183 1855 sunt
1205 1821 1245 1854 in
1267 1831 1336 1855 ora

202 1929 213 1948 ¹
234 1926 449 1965 Tectosagos.
481 1936 519 1957 ac
532 1930 607 1957 toto
624 1929 737 1957 tractu
755 1931 874 1967 gentes
886 1925 1043 1967 Mayhoff
1052 1926 1187 1966 (scilicet
1198 1925 1336 1958 nomina

159 1970 195 2001 in
207 1970 264 2001 hoc
279 1969 346 2001 loco
363 1970 577 2002 incertissime
593 1969 793 2009 traduntur).

152 2043 222 2081 330
