1515 2351
106 437 147 468 66

106 1020 146 1052 67

105 1751 146 1782 68

378 106 543 144 PLINY
560 121 568 145 :
620 106 885 145 NATURAL
921 105 1158 144 HISTORY

175 212 340 249 Gazain.
396 213 576 262 Agrippa
609 225 632 248 a
665 210 822 248 Pelusio
856 211 1053 248 Arsinoen
1087 210 1209 247 Rubri
1241 212 1360 247 maris

174 285 364 335 oppidum
403 297 475 334 per
512 284 673 321 deserta
711 295 808 319 cxxv
845 296 885 333 p.
923 282 1061 320 tradit.
1115 288 1202 320 tam
1239 295 1361 332 parvo

176 358 301 396 distat
321 359 374 395 ibi
394 363 510 395 tanta
531 370 663 394 rerum
684 361 855 394 naturae
875 356 1104 394 diversitas!

225 431 341 467 XIII.
374 430 492 467 quta
508 429 621 480 Syria
636 429 730 466 litus
745 435 930 479 occupat,
946 428 1149 479 quondam
1163 435 1361 467 terrarum

174 517 365 541 maxuma
396 509 437 540 et
467 503 645 553 plurimis
676 502 865 539 distincta
895 502 1142 539 nominibus:
1187 515 1362 552 namque

176 576 406 614 Palaestine
418 576 638 613 vocabatur
651 588 729 625 qua
745 577 943 625 contingit
958 575 1128 619 Arabas,
1141 580 1184 612 et
1198 574 1362 620 Iudaea,

176 655 219 687 et
240 649 376 693 Coele,
398 652 491 686 exin
513 647 726 692 Phoenice,
748 653 790 685 et
812 661 891 698 qua
912 647 1064 685 recedit
1085 650 1192 685 intus
1214 647 1363 684 Dama-

174 735 308 767 scena,
334 735 380 759 ac
407 725 534 772 magis
563 724 785 759 etiamnum
812 720 1033 758 meridiana
1059 720 1295 771 Babylonia,
1320 725 1363 758 et

175 795 318 833 eadem
363 795 661 845 Mesopotamia
704 797 808 831 inter
850 792 1087 842 Euphraten
1129 799 1172 830 et
1213 793 1362 843 Tigrin,

176 881 337 919 quaque
371 871 517 905 transit
554 868 730 904 Taurum
768 865 968 916 Sophene,
1005 869 1105 903 citra
1142 879 1236 903 vero
1272 878 1361 903 eam

175 941 462 992 Commagene,
491 946 533 978 et
562 940 666 977 ultra
696 940 930 977 Armeniam
959 939 1172 977 Adiabene
1199 938 1362 990 Assyria

173 1020 270 1052 ante
287 1014 409 1058 dicta,
428 1020 469 1051 et
487 1014 555 1051 ubi
574 1013 752 1050 Ciliciam
771 1015 937 1063 attingit
956 1011 1184 1050 Antiochia.
1238 1011 1363 1063 longi-

173 1088 273 1126 tudo
300 1090 383 1125 eius
410 1090 515 1124 inter
541 1086 719 1123 Ciliciam
746 1091 787 1123 et
813 1085 1004 1123 Arabiam
1032 1097 1195 1121 ccchxx
1220 1098 1258 1135 p.
1288 1091 1362 1129 est,

174 1160 347 1198 latitudo
374 1174 397 1197 a
424 1160 605 1197 Seleucia
634 1159 763 1196 Pieria
790 1158 841 1195 ad
869 1158 1060 1208 oppidum
1088 1159 1126 1193 in
1155 1156 1362 1207 Euphrate

173 1234 352 1285 Zeugma
384 1246 515 1270 chxv.
572 1235 639 1283 qui
671 1232 854 1269 subtilius
886 1231 1069 1268 dividunt
1100 1229 1361 1268 circumfundi

174 1306 287 1358 Syria
324 1306 551 1344 Phoenicen
586 1305 739 1349 volunt,
774 1311 816 1342 et.
851 1317 940 1342 esse
973 1317 1084 1341 oram
1119 1305 1361 1341 maritimam

174 1379 327 1431 Syriae,
367 1382 478 1416 cuius
519 1392 610 1429 pars
650 1381 702 1416 sit
745 1377 939 1415 Idumaea
979 1382 1022 1414 et
1063 1375 1229 1420 Iudaea,
1269 1375 1361 1414 dein

176 1452 418 1495 Phoenicen,
450 1452 543 1489 dein
576 1450 745 1502 Syriam.
803 1449 842 1487 id
873 1449 981 1500 quod
1014 1452 1218 1499 praeiacet
1250 1461 1362 1486 mare

174 1533 306 1564 totum
325 1525 582 1562 Phoenicium
604 1523 843 1574 appellatur.
899 1525 983 1573 ipsa
1003 1535 1102 1572 gens
1119 1520 1362 1559 Phoenicum

174 1602 214 1636 in
248 1612 396 1649 magna
429 1598 555 1649 gloria
590 1597 815 1634 litterarum
848 1597 1086 1633 inventionis
1116 1599 1159 1632 et
1186 1594 1361 1631 siderum

174 1671 458 1721 navaliumque
477 1684 521 1707 ac
540 1670 773 1708 bellicarum
793 1671 952 1706 artium.

223 1744 332 1782 XIV.
362 1745 398 1782 A
439 1743 597 1782 Pelusio
636 1742 836 1780 Chabriae
872 1747 1018 1786 castra,
1057 1740 1195 1779 Casius
1235 1754 1362 1786 mons,

173 1818 385 1856 delubrum
437 1817 533 1854 lovis
585 1816 704 1860 Casii,
756 1815 933 1853 tumulus
989 1814 1127 1864 Magni
1181 1812 1359 1863 Pompei.

175 1891 387 1929 Ostracine
426 1890 575 1928 Arabia
616 1889 764 1933 finitur,
804 1902 828 1925 a
868 1887 1024 1925 Pelusio
1065 1885 1133 1923 ἰῖί·
1174 1898 1212 1935 p.
1267 1899 1360 1923 mox

175 1963 370 2002 Idumaea
402 1965 541 2016 incipit
574 1968 616 2000 et
649 1961 878 2001 Palaestina
911 1960 961 1999 ab
995 1971 1153 1998 emersu
1185 1957 1361 1997 Sirbonis

178 2047 246 2083 270
