1515 2351
145 657 187 689 52

146 1220 187 1250 53

146 1778 188 1808 64

414 114 604 152 PLINY:
657 115 922 153 NATURAL
960 115 1197 152 HISTORY

212 219 446 269 petentibus
479 217 578 255 haut
610 218 747 269 procul
775 218 966 255 Euboeae
996 218 1175 269 Carysto.
1230 217 1398 256 Romani

213 283 346 318 omnia
391 280 490 317 haec
536 283 661 317 maria
707 280 860 317 duobus
908 280 1132 317 nominibus
1180 280 1398 331 appellant,

215 341 523 380 Macedonicum
540 355 790 393 quacumque
809 341 1089 379 Macedoniam
1107 348 1176 379 aut
1190 342 1398 379 Thraciam

213 407 393 455 attingit,
441 404 682 442 Graeciense
730 417 809 455 qua
856 404 1066 442 Graeciam
1109 404 1257 449 adluit;
1306 417 1398 441 nam

214 466 357 504 Graeci
386 472 429 504 et
459 466 614 504 Ionium
642 467 825 504 dividunt
853 469 893 503 in
921 466 1095 504 Siculum
1123 479 1169 503 ac
1197 466 1398 504 Creticum

213 529 263 566 ab
292 528 441 573 insulis,
471 531 571 566 item
600 529 771 566 Icarium
799 528 907 579 quod
935 534 997 566 est
1025 531 1131 566 inter
1164 527 1328 565 Samum
1356 534 1399 566 et

215 590 448 642 Myconum,
463 597 600 628 cetera
618 594 780 628 nomina
797 593 904 628 sinus
923 590 1074 628 dedere
1094 604 1192 641 quos
1211 590 1396 628 diximus.

267 653 362 690 XII.
391 653 445 690 Et
460 656 585 690 maria
600 653 763 704 quidem
778 659 1004 704 gentesque
1020 655 1060 688 in
1074 655 1198 690 tertio
1214 652 1398 703 Europae

212 717 300 752 sinu
337 715 388 752 ad
424 714 529 752 hunc
565 715 730 752 modum
765 728 808 752 sc
845 714 1011 759 habent,
1048 715 1200 752 insulae
1238 720 1398 751 autem:

213 791 263 815 ex
293 777 458 815 adverso
485 777 746 829 Thesprotiae
769 791 792 814 a
813 776 1008 814 Buthroto
1030 783 1087 815 fii
1109 791 1163 828 p.,
1185 776 1328 814 eadem
1348 777 1399 814 ab

213 841 515 877 Acrocerauniis
538 847 574 885 ἰ,
596 853 687 877 cum
710 840 808 877 urbe
832 840 1012 877 eiusdem
1035 842 1204 876 nominis
1228 838 1399 890 Corcyra

212 902 362 940 liberae
385 905 558 940 civitatis
582 909 624 940 et
647 903 795 953 oppido
819 902 1007 952 Csssiope
1031 901 1263 952 temploque
1288 901 1397 938 Cassi

215 965 330 1010 Iovis,
363 971 468 1003 iffi—1
501 968 540 1002 in
570 965 864 1015 longitudinem
894 971 1051 1015 patens,
1084 964 1260 1001 Homero
1291 963 1399 1001 dicta

213 1026 374 1064 Scheria
417 1034 459 1065 et
502 1026 712 1072 Phaeacia,
751 1026 991 1064 Callimacho
1029 1029 1152 1064 etiam
1196 1026 1396 1076 Drepane.

212 1092 316 1126 circa
339 1103 428 1126 eam
451 1090 617 1140 aliquot,
640 1089 711 1127 sed
735 1089 786 1126 ad
810 1088 967 1126 Italiam
991 1102 1160 1139 vergens
1183 1087 1398 1132 Othronos,

214 1151 264 1188 ad
294 1152 538 1189 Leucadiam
569 1151 702 1188 Paxoe
732 1152 850 1196 duae,
879 1158 902 1189 ῦ
932 1151 1130 1188 discretae
1161 1163 1184 1187 a
1213 1150 1398 1201 Corcyra,

215 1227 289 1251 nec
315 1213 451 1264 procul
477 1215 528 1251 ab
554 1217 600 1251 iis
627 1220 721 1251 ante
750 1213 963 1264 Corcyram
990 1213 1167 1257 Ericusa,
1196 1211 1398 1257 Marathe,

214 1275 428 1326 Elaphusa,
474 1275 692 1320 Malthace,
731 1275 910 1319 Trachic,
952 1274 1176 1326 Pythionia,
1218 1272 1398 1325 Ptychia,

211 1337 417 1383 Tarachie,
469 1344 512 1376 et
563 1351 587 1375 a
639 1337 822 1374 Phalario
875 1337 1069 1387 Corcyrae
1122 1339 1399 1387 promunturio

212 1400 394 1450 scopulus
430 1403 469 1437 in
505 1413 625 1451 quem
661 1406 860 1437 mutatam
897 1399 1025 1436 Ulixis
1059 1412 1201 1436 navem
1230 1411 1254 1435 a
1281 1398 1397 1435 simili

213 1465 345 1513 speeie
401 1462 535 1499 fabula
588 1469 661 1499 est.
717 1468 812 1499 ante
868 1461 1111 1498 Leucadiam
1165 1466 1302 1497 autem
1357 1465 1399 1497 et

214 1524 415 1561 Aetoliam
431 1524 445 1547 1
474 1524 713 1575 permultae,
738 1537 906 1574 quarum
935 1522 1187 1568 Teleboides,
1212 1522 1399 1560 eaedem-

214 1600 291 1637 que
314 1585 491 1637 Taphiae
513 1587 563 1624 ab
586 1586 722 1624 incolis
745 1586 1011 1637 appellantur,
1033 1584 1219 1636 Taphias,
1236 1584 1398 1629 Carnos,

214 1648 331 1693 Oxia,
355 1647 575 1693 Prinoessa,
597 1655 692 1686 ante
714 1648 918 1685 Aetoliam
940 1647 1180 1692 Echinades,
1203 1646 1398 1697 Aegialia,

214 1710 390 1755 Cotonis,
404 1710 610 1761 Thyatira,
626 1711 806 1755 Geoaris,
823 1710 1031 1761 Dionysia,
1047 1710 1215 1760 Cyrnus,
1230 1708 1398 1753 Chalcis,

216 1771 371 1817 Pinara,
419 1773 600 1823 Nystrus.
656 1779 751 1809 ante
798 1786 865 1809 eas
911 1775 950 1809 in
997 1772 1079 1808 alto
1125 1770 1397 1822 Cephallania,

213 1834 455 1886 Zacynthus,
474 1841 645 1886 utraque
666 1835 804 1880 libera,
827 1833 979 1879 Ithaca,
1001 1832 1245 1877 Dulichium,
1265 1832 1398 1878 Same,

605 1914 617 1934 ¹
643 1913 816 1954 Μηρὼθ-ἥς
843 1912 1018 1945 Achaiam.

428 2005 441 2019 ⁸
466 2001 551 2032 Now
570 2001 722 2041 Magnisi,
743 1999 929 2031 Kalamota
947 1999 1014 2030 and
1037 2000 1172 2031 Kastos.

218 2047 285 2094 156
