1515 2351
142 624 183 653 84

142 1262 184 1292 85

409 138 576 178 PLINY
591 154 599 177 z
650 139 914 178 NATURAL
951 140 1188 179 HISTORY

210 242 389 293 pondera
407 243 591 294 pedibus,
611 244 783 280 totidem
802 245 1000 287 manibus,
1020 249 1063 281 et
1081 244 1297 281 ducenaria
1315 244 1395 283 duo

211 299 357 333 umeris
383 302 523 334 contra
549 297 674 334 scalas
702 296 887 334 ferebat.'
940 310 1011 334 nos
1038 310 1198 347 quoque
1225 298 1395 336 vidimus

210 349 464 387 Athanatum
487 353 662 394 nomine,
686 350 937 401 prodigiosae
962 353 1258 396 ostentationis,
1282 354 1396 402 quin-

210 405 374 453 genario
424 402 586 440 thorace
636 403 825 454 plumbeo
874 403 1061 440 indutum
1109 403 1394 455 cothurnisque

211 459 477 507 quingentum
507 457 639 507 pondo
668 457 881 494 calciatum
909 470 981 507 per
1009 470 1196 494 scaenam
1225 458 1394 509 ingredi.

211 509 408 547 Milonem
443 509 640 547 athletam
675 524 765 546 cum
800 513 1046 547 constitisset
1081 524 1199 548 nemo
1226 514 1396 562 vestigio

211 563 425 607 educebat,
446 563 596 600 malum
617 566 775 600 tenenti
796 577 915 601 nemo
935 563 1109 614 digitum
1129 565 1369 615 corrigebat.

260 616 487 654 Cucurrisse
539 630 643 654 mcxi,
690 617 822 654 stadia
872 617 923 654 ab
973 616 1144 654 Athenis
1194 617 1397 656 Lacedae-

210 683 371 707 monem
404 670 526 707 biduo
561 669 876 720 Phidippidem‚1
907 684 1099 720 magnum
1136 676 1237 715 erat,
1268 671 1396 710 donec

211 724 378 773 Anystis
407 737 542 761 cursor
572 724 914 761 Lacedaemonius
945 730 987 760 et
1018 722 1245 762 Philonides
1275 724 1396 762 Alex-

211 777 324 814 andri
350 776 491 827 Magni
521 791 543 813 a
572 777 741 828 Sicyone
772 777 876 814 Elim
907 790 985 814 uno
1012 777 1077 814 die
1107 790 1232 814 mcccv
1263 779 1395 816 stadia

211 836 484 867 cucurrerunt.
539 844 644 868 nunc
685 830 848 881 quidem
886 833 926 867 in
965 833 1068 868 circo
1103 831 1297 881 quosdam
1325 832 1395 868 (ᾖ

210 897 398 934 passuum
423 884 594 922 tolerare
619 897 699 921 non
723 886 966 935 ignoramus,
990 897 1199 935 nuperque
1226 884 1395 922 Fonteio

212 943 255 974 et
279 937 472 987 Vipstano
492 951 590 976 coss.
645 951 769 975 annos
795 951 867 975 v111
895 940 1079 988 genitum
1106 951 1129 974 a
1155 938 1322 975 meridie
1346 937 1397 974 ad

210 1003 416 1041 vesperam
476 1004 571 1028 Lxxv
626 1004 816 1041 passuum
869 993 1099 1028 cucurrisse.
1172 994 1282 1029 cuius
1339 993 1396 1028 rei

210 1044 421 1081 admiratio
439 1049 497 1081 ita
515 1043 679 1081 demum
697 1044 823 1081 solida
841 1047 1064 1095 perveniet,
1083 1048 1114 1081 si
1134 1047 1221 1094 quis
1240 1046 1395 1095 cogitet

210 1103 327 1134 nocte
347 1111 391 1134 ac
410 1097 475 1135 die
493 1097 766 1148 longissimum
784 1101 862 1135 iter
880 1097 1068 1135 vehiculis
1085 1097 1172 1135 Tib.
1192 1097 1395 1135 Neronem

210 1163 418 1188 emensum
439 1150 701 1188 festinantem
723 1151 773 1189 ad
796 1152 972 1189 Drusum
992 1150 1161 1188 fratrem
1181 1157 1395 1202 aegrotum

210 1207 250 1240 in
273 1204 553 1248 Germaniam;
589 1218 637 1242 ea
659 1204 822 1242 fuerunt
846 1207 893 1242 δέ
920 1218 1122 1256 passuum.

259 1258 369 1295 XXI.
400 1258 616 1295 Oculorum
632 1261 736 1295 acies
750 1259 812 1296 vel
825 1261 999 1295 maxime
1017 1258 1138 1295 fidem
1154 1257 1396 1295 excedentia

211 1313 362 1348 invenit
385 1311 582 1361 exempla.
638 1314 678 1348 in
700 1325 800 1349 nuce
822 1312 1015 1348 inclusam
1038 1311 1206 1348 Iliadem
1229 1311 1395 1348 Homeri

209 1378 371 1401 carmen
394 1367 435 1401 in
459 1366 693 1402 membrana
716 1368 909 1416 scriptum
932 1365 1058 1402 tradit
1082 1365 1233 1402 Cicero.
1288 1364 1396 1402 idem

212 1417 331 1455 fuisse
382 1421 449 1468 qui
498 1419 726 1468 pervideret
778 1432 898 1455 cxxxv
948 1432 1149 1468 passuum.
1214 1417 1305 1455 huic
1354 1424 1397 1455 et

211 1484 356 1508 nomen
385 1471 443 1508 M.
471 1471 595 1509 Varro
621 1472 768 1515 reddit,
793 1470 1033 1509 Strabonem
1059 1478 1267 1515 vocatum3
1307 1471 1396 1508 soli-

211 1531 297 1561 tum
331 1531 469 1562 autem
503 1524 651 1563 Punico
684 1525 788 1562 bello
822 1538 845 1561 a
878 1525 1085 1576 Libybaeo
1118 1524 1274 1562 Siciliae
1308 1538 1396 1575 pro-

211 1581 413 1615 munturio
440 1585 617 1616 excunte
643 1579 768 1616 classe
795 1591 817 1615 e
845 1578 1099 1629 Carthaginis
1125 1584 1245 1629 portu
1272 1580 1395 1615 etiam

211 1645 420 1669 numerum
474 1635 633 1669 navium
686 1632 832 1669 dicere.
888 1632 1119 1669 Callicrates
1172 1645 1223 1669 ex
1275 1632 1395 1669 ebore

551 1711 563 1730 ¹
587 1710 797 1742 Salmasius:
824 1709 1066 1751 Philippidem.

256 1799 363 1831 ·The
374 1801 503 1831 courior
514 1804 590 1832 sent
603 1804 639 1831 to
649 1800 711 1830 ask
727 1799 779 1831 for
791 1798 847 1831 aid
859 1800 995 1840 against
1005 1798 1063 1830 tho
1074 1799 1213 1830 Pemian
1226 1798 1394 1835 invaders,

213 1844 278 1875 490
297 1852 327 1873 Β.
331 1852 361 1874 o.
379 1842 594 1882 (Herodotus
611 1842 670 1874 VI.
689 1843 779 1880 105).
831 1841 903 1873 The
925 1841 1095 1873 distances
1117 1851 1174 1873 are
1218 1842 1295 1872 iven
1317 1840 1396 1872 here

215 1887 248 1917 in
270 1886 375 1927 rough
399 1885 530 1927 figures,
554 1885 612 1916 tho
634 1885 731 1916 stade
751 1885 849 1926 being
872 1884 976 1916 taken
995 1895 1032 1915 as
1052 1885 1116 1916 200
1127 1895 1190 1926 yar
1234 1883 1323 1920 ‚and
1337 1883 1396 1915 tho

212 1929 301 1960 mille
332 1939 452 1969 passus
482 1939 519 1959 as
553 1929 635 1960 1600
666 1927 780 1969 yar-ds.
824 1927 1042 1965 (Elsewhere
1071 1928 1105 1958 in
1137 1926 1396 1968 topographical

215 1982 386 2013 passages,
419 1971 477 2003 the
509 1971 606 2003 usual
640 1971 837 2012 renderings
871 1970 1046 2011 ‘furlong’
1081 1970 1150 2001 and
1184 1969 1302 2001 ‘mile'
1337 1980 1395 2001 are

213 2015 423 2056 employed.)
813 2014 944 2045 Cross-
946 2013 1056 2054 eyedff

213 2078 283 2125 560
