1515 2351
130 253 191 284 107

130 574 191 604 108

129 949 191 980 109

416 143 583 182 PLINY
599 158 607 181 :
661 144 925 183 NATURAL
963 145 1201 184 HISTORY

265 247 417 285 XXIX.
450 247 709 299 Ingeniorum
739 248 889 298 gloriae
919 251 1006 298 quis
1033 251 1159 299 possit
1185 263 1307 301 agere
1333 251 1403 290 de-

213 301 363 338 lectum
381 314 454 352 per
473 307 536 339 tot
555 301 853 351 disciplinarum
868 315 1019 352 genera
1035 308 1078 340 et
1093 309 1252 341 tantam
1268 317 1402 342 rerum

214 368 462 405 operumque
471 357 711 392 varietatem
725 356 738 391 ?
753 357 826 392 nisi
836 354 939 392 forte
950 355 1126 393 Homero
1139 363 1232 394 vate
1247 357 1402 396 Graeco

214 408 366 445 nullum
386 408 538 446 felicius
558 411 741 446 extitisse
761 411 962 453 convenit,
981 411 1063 446 sive
1088 413 1218 460 operis
1242 410 1370 448 forma
1386 412 1401 436 1

214 464 295 499 sive
310 465 478 499 materie
492 464 741 499 aestimetur.
776 464 914 512 itaque
927 462 1158 501 Alexander
1174 463 1401 515 Magnus—

214 518 365 552 etcnim
389 516 609 566 insignibus
633 515 788 553 iudiciis
812 522 978 566 optume
1002 518 1184 567 citraque
1208 518 1399 556 invidiam

216 575 299 606 tam
330 570 503 619 superba
530 582 699 606 censura
727 571 1103 620 peragetur—inter
1131 571 1257 621 spolia
1287 572 1400 609 Darii

214 622 424 659 Persarum
471 625 577 673 regis
615 628 914 673 unguentorum
955 625 1098 660 scrinio
1135 630 1255 675 capto
1293 625 1400 676 quod

214 682 301 713 erat
341 677 392 714 de
409 676 424 699 ²
465 690 561 713 auro
603 678 829 726 margaritis
869 679 1121 727 gemmisque
1163 680 1402 728 pretiosum,

213 733 340 767 varios
380 732 464 767 eius
504 743 597 766 usus
637 732 773 767 amicis
812 729 1197 776 demonstrantibus,
1237 732 1398 782 quando

212 783 407 820 taedebat
439 785 635 834 unguenti
666 783 903 820 bellatorem
935 789 978 820 et
1008 784 1151 821 militia
1180 785 1399 830 sordidum,

213 836 220 848 ¹
242 837 370 874 Immo
394 836 594 881 Hercule,’
611 839 755 887 inquit,
777 836 784 848 ‘
805 836 994 874 librorum
1011 837 1174 875 Homeri
1191 839 1398 877 custodiae

213 890 359 935 demi-,²
387 896 433 927 ut
458 893 789 941 pretiosissimum
815 889 979 927 humani
1006 893 1128 928 animi
1153 904 1253 942 opus
1279 906 1401 943 quam

215 947 388 981 maxime
411 944 525 981 diviti
547 957 668 994 opere
691 949 930 981 servaretur.
984 944 1092 982 idem
1117 943 1277 982 Pindari
1299 949 1401 984 vatis

212 997 386 1035 familiae
408 999 704 1048 penatibusque
726 1000 841 1034 iussit
862 999 970 1048 parci
991 1011 1083 1035 cum
1103 997 1262 1036 Thebas
1284 1013 1398 1050 rape-

213 1058 290 1096 ret,
324 1051 552 1088 Aristotelis
586 1050 808 1101 philosophi
843 1053 1016 1101 patriam
1049 1064 1164 1089 suam
1197 1053 1401 1098 credidit,³

212 1111 434 1155 tantaeque
491 1118 624 1142 rerum
669 1105 843 1142 claritati
889 1111 974 1142 tam
1016 1105 1237 1155 benignum
1284 1109 1398 1144 testi-

213 1162 390 1196 monium
433 1161 603 1196 miscuit.
659 1157 885 1195 Archilochi
928 1164 1075 1209 poetae
1119 1158 1399 1198 interfectores

212 1213 356 1263 Apollo
384 1215 517 1263 arguit
545 1211 725 1262 Delphis.
781 1211 1018 1262 Sophoclem
1045 1214 1187 1263 tragici
1214 1212 1398 1251 cothurni

212 1269 432 1317 principem
471 1265 708 1303 defunctum
747 1265 916 1315 sepelire
957 1265 1078 1302 Liber
1115 1272 1232 1316 pater
1270 1269 1398 1312 iussit,

212 1320 488 1357 obsidentibus
503 1322 662 1356 moenia
679 1319 1021 1363 Lacedaemoniis,
1037 1319 1245 1369 Lysandro
1261 1333 1399 1358 eorum

212 1387 307 1423 rege
327 1376 367 1410 in
387 1376 524 1424 quiete
544 1375 702 1423 saepius
723 1372 929 1409 admonito
949 1378 994 1410 ut
1013 1378 1224 1423 pateretur
1242 1372 1398 1411 humari

212 1427 373 1464 delicias
406 1440 509 1464 suas.
564 1429 772 1476 requisivit
805 1439 890 1470 rest,
924 1429 990 1476 qui
1025 1440 1257 1476 supremum
1290 1427 1399 1465 diem

212 1481 383 1518 Athenis
411 1480 620 1518 obissent⁴
641 1493 714 1517 nec
740 1479 952 1516 difficulter
979 1493 1029 1516 ex
1057 1479 1116 1517 his
1145 1493 1266 1530 quem
1294 1480 1394 1519 deus

211 1535 473 1585 significasset
495 1534 710 1578 intellexit,
731 1546 953 1584 pacemque
976 1533 1106 1570 funeri
1128 1533 1255 1571 dedit.

263 1605 274 1624 ¹
297 1604 433 1636 Strack:
459 1604 610 1635 fortuna.

260 1647 273 1667 ¹
300 1647 364 1679 VM.
380 1651 465 1685 erat,
481 1651 578 1678 erato
593 1658 600 1677 :
630 1650 704 1677 erat
720 1645 830 1677 celato
842 1648 856 1677 ’ἰ
888 1644 1062 1687 Dellesaen.

261 1690 274 1708 ³
304 1690 355 1722 ltl.
379 1691 526 1731 patriam
539 1689 695 1720 condidit
709 1688 921 1730 (Aristotelis
938 1688 1118 1731 Philippus
1141 1689 1294 1731 patriam
1317 1700 1396 1721 con-

219 1734 310 1765 didit
328 1734 490 1774 Δωροῖ.)-

262 1778 274 1796 ⁴
301 1777 453 1809 Urlichs:
481 1776 620 1808 obisset.

252 1857 267 1871 ⁰
288 1853 361 1884 The
380 1853 586 1884 restoration
607 1863 644 1883 as
666 1851 740 1883 well
760 1862 797 1883 as
817 1851 876 1883 the
897 1851 1112 1883 destruction
1138 1850 1178 1882 of
1198 1850 1396 1883 Aristotle’s

211 1896 414 1938 birthplace,
440 1896 587 1937 Stagira,
614 1896 641 1926 is
671 1895 811 1943 usually·
833 1894 988 1925 ascribed
1025 1898 1063 1925 to
1086 1893 1210 1969 Philip,
1233 1894 1302 1943 ⁴but
1332 1905 1396 1926 one

209 1944 358 1970 account
373 1950 454 1980 says
475 1939 555 1971 that
570 1938 612 1970 he
633 1938 786 1970 restored
804 1942 832 1969 it
853 1942 890 1969 at
913 1937 972 1969 tho
992 1940 1131 1978 request
1151 1947 1171 1968 o
1207 1937 1259 1968 his
1278 1946 1395 1980 young

209 1992 270 2013 son
287 1982 492 2013 Alexander.

255 2025 267 2044 ⁶
291 2025 330 2056 Iu
346 2026 410 2056 406
428 2034 492 2057 uc.

197 2088 267 2135 576
