1515 2351
176 867 218 898 75

177 1426 218 1456 76

178 1844 218 1874 77

450 128 642 168 PLINY:
693 129 957 167 NATURAL
993 129 1230 168 HISTORY

231 233 331 271 silva
362 232 456 277 Sila,
487 235 808 282 promunturium
841 232 1094 282 Leucopetra
1124 239 1177 272 W
1207 246 1246 283 p.
1279 232 1330 270 ab
1362 246 1424 278 ea,

243 307 282 342 fi
329 302 458 346 Locri,
502 304 774 352 cognominati
819 315 843 338 a
887 305 1164 352 promunturio
1209 302 1429 354 Zephyri03

245 373 391 410 absunt
423 386 446 409 a
475 371 600 409 Silaro
630 386 759 411 eccm.
793 377 836 410 et
864 371 1080 409 includitur
1107 372 1293 422 Europae
1321 375 1428 410 sinus

244 445 406 492 primus.

300 513 348 550 In
374 526 422 549 eo
448 514 573 549 maria
596 518 900 562 nuncupantur:
936 511 1042 549 unde
1063 515 1269 563 inrumpit,
1288 512 1430 550 Atlan-

243 585 383 626 ticum,
413 582 464 618 ab
494 582 580 619 aliis
612 581 833 633 Magnum3
878 595 958 632 qua
990 585 1129 627 intrat,
1162 581 1373 620 Porthmos
1407 596 1428 618 a

244 652 422 695 Graecis,
452 665 474 688 a
504 652 616 689 nobis
646 651 894 689 Gaditanum
922 651 1094 695 fretum;
1131 666 1221 689 cum
1251 655 1429 695 intravit,

244 722 468 772 Hispanum
486 728 685 772 quatenus
706 721 921 771 Hispanias
941 722 1084 766 adluit,
1099 722 1150 758 ab
1166 722 1251 759 aliis
1272 722 1430 759 Hiberi-

242 806 332 830 cum
347 798 417 829 aut
429 792 666 829 Baliaricum
680 804 689 836 3
701 805 795 829 mox
808 791 1004 829 Gallicum
1018 798 1114 830 ante
1128 791 1428 830 Narbonensem

242 865 500 912 provinciam,
533 861 623 898 hinc
659 862 931 912 Ligusticum;
979 862 1030 899 ab
1069 875 1116 900 eo
1161 862 1212 900 ad
1256 861 1429 900 Siciliam

245 932 414 970 insulam
443 932 631 976 Tuscum,
661 931 767 982 quod
799 945 848 968 ex
879 932 1042 969 Graecis
1073 931 1138 968 alii
1170 931 1333 969 Notium
1363 932 1428 969 alii

243 1002 481 1053 Tyrrenum,
505 1016 526 1040 e
548 1005 693 1039 nostris
715 1001 887 1052 plurumi
912 1001 1090 1039 Inferum
1113 1007 1270 1039 vocant.
1325 1001 1429 1039 ultra

244 1071 416 1110 Siciliam
441 1071 548 1122 quod
571 1078 633 1109 est
656 1071 707 1108 ad
730 1071 972 1109 Sallentinos
995 1072 1218 1109 Ausonium
1241 1071 1429 1123 Polybius

244 1141 437 1191 appellat,
471 1140 761 1179 Eratosthenes
797 1147 934 1178 autem
970 1144 1076 1178 inter
1109 1144 1256 1178 ostium
1291 1145 1430 1180 oceani

246 1218 287 1249 et
307 1210 530 1248 Sardiniam
551 1210 740 1261 quicquid
761 1216 823 1248 est
842 1210 1052 1255 Sardoum,
1072 1211 1164 1248 inde
1185 1211 1236 1248 ad
1256 1210 1428 1248 Siciliam

244 1281 482 1331 Tyrrenum,
517 1281 567 1317 ab
602 1279 676 1317 hac
711 1280 875 1318 Cretam
910 1293 1037 1330 usque
1071 1279 1261 1325 Siculum,
1295 1281 1347 1317 ab
1381 1293 1429 1318 ea

244 1350 460 1387 Creticum.

298 1420 457 1457 Insulae
481 1433 552 1470 per
574 1419 673 1457 haec
695 1423 820 1456 maria
842 1423 995 1470 primae
1018 1422 1195 1456 omnium
1219 1419 1429 1471 Pityussae

245 1488 408 1526 Graecis
431 1489 563 1526 dictae
589 1503 611 1525 a
637 1489 781 1526 frutice
805 1492 940 1539 pineo,
958 1503 1063 1526 nunc
1084 1489 1240 1527 Ebusus
1266 1495 1430 1527 vocatur

245 1565 431 1609 utraque,
473 1562 637 1596 civitate
681 1559 904 1604 foederata,
946 1565 1118 1609 angusto
1160 1559 1266 1597 freto
1307 1562 1429 1597 inter-

244 1628 408 1666 fluente.
461 1635 604 1680 patent
627 1636 730 1674 it'ffi,
755 1629 901 1667 absunt
931 1629 981 1666 ab
1012 1629 1157 1666 Dianio
1186 1641 1257 1666 nce
1284 1629 1429 1675 stadia,

245 1699 416 1736 totidem
460 1699 649 1736 Dianium
690 1713 762 1749 per
802 1702 1078 1736 continentem
1120 1713 1143 1736 a
1184 1698 1428 1750 Carthagine

247 1782 362 1813 nova,
404 1768 645 1806 tantundem
689 1782 712 1805 a
758 1768 952 1819 Pityussis
999 1772 1038 1805 in
1085 1768 1212 1806 altum
1254 1768 1428 1807 Baliares

245 1839 349 1876 duae
403 1845 445 1876 et
498 1838 714 1875 Sucronem
767 1852 903 1876 versus
956 1838 1200 1876 Colubraria.
1253 1838 1428 1876 Baliares

291 1977 305 1992 ⁰
327 1974 389 2005 See
405 1975 418 2014 ξ
434 1976 454 2005 5
470 1973 526 2006 fin.
892 1974 905 1994 ὁ
929 1974 1059 2009 Πίτυες.

291 2021 301 2035 ‘
326 2016 417 2048 lviza
429 2029 437 2055 ;
454 2017 510 2048 the
522 2017 660 2048 modern
672 2028 771 2048 nume
782 2017 816 2048 os
827 2017 884 2048 tho
895 2017 1029 2049 smaller
1040 2016 1147 2048 island
1160 2017 1186 2048 is
1197 2017 1425 2051 Formentera.

251 2079 296 2126 56
