1515 2351
152 661 194 692 84

149 1463 192 1494 85

422 115 612 154 PLINY:
664 116 931 154 NATURAL
968 115 1207 153 HISTORY

221 219 475 258 Enoecadioe
531 226 722 257 vocantur
775 219 939 257 incolae.
1009 219 1114 257 ultra
1168 217 1405 269 Panticapes

220 295 346 330 amnis
380 295 446 343 qui
482 292 682 330 Nomadas
717 298 759 329 et
793 292 972 343 Georgos
1007 291 1274 336 disterminat,
1308 304 1401 328 mox

220 366 424 403 Acesinus.
480 365 643 416 quidam
680 363 926 415 Panticapen
961 363 1161 402 confluere
1197 363 1299 401 infra
1335 363 1402 401 Ol-

218 438 325 475 biam
353 451 444 475 cum
473 437 722 489 Borysthene
751 438 931 482 tradunt,
960 437 1236 488 diligentiores
1267 436 1403 487 Hypa-

219 513 315 555 nim,
345 516 461 548 tanto
492 523 624 548 errore
657 523 793 547 eorum
825 513 892 561 qui
923 509 1034 547 illum
1064 512 1105 547 in
1135 510 1256 547 Asiae
1287 514 1403 560 parte

218 583 442 633 prodidere.

275 655 391 693 Mare
409 657 516 693 subit
534 669 681 707 magno
697 669 870 701 recessu,
889 656 1017 693 donec
1033 662 1058 694 ἢ
1076 669 1265 707 passuum
1282 657 1404 692 inter-

219 728 320 766 vallo
349 729 452 766 absit
481 743 505 766 a
536 728 759 774 Maeotide,
790 735 901 766 vasta
929 729 1108 766 ambiens
1142 730 1272 779 spatia
1305 727 1404 765 mul-

217 808 360 853 tasque
382 808 548 853 gentes3
580 805 686 839 sinus
718 801 936 839 Carcinites
966 801 1201 853 appellatur.
1257 801 1406 838 flumen

219 873 393 926 Pacyris,
430 875 577 926 oppida
615 875 829 919 Navarum,
867 874 1048 919 Carcine,
1085 887 1108 912 a
1143 880 1260 925 tergo
1296 873 1403 911 lacus

218 947 346 986 Buces
372 947 477 986 fossa
503 950 668 985 emissus
694 950 734 985 in
759 961 880 985 mare.
938 951 1021 998 ipse
1054 946 1181 985 Buces
1207 960 1231 984 a
1257 946 1403 984 Coreto

220 1020 395 1058 Maeotis
413 1021 519 1058 lacus
537 1023 625 1058 sinu
642 1027 805 1071 petroso
823 1020 1060 1058 discluditur
1077 1020 1206 1058 dorso.
1260 1021 1404 1070 recipit

217 1107 354 1131 amnes
402 1093 566 1138 Bucem,
617 1093 829 1138 Gerrhum‚
881 1094 1097 1145 Hypanim,
1146 1106 1197 1131 ex
1246 1092 1402 1130 diverso

217 1169 424 1204 venientes
444 1173 597 1204 tractu:
631 1180 724 1204 nam
744 1166 919 1204 Gerrhus
936 1166 1127 1204 Basilidas
1143 1171 1185 1204 et
1202 1165 1404 1204 Nomadas

216 1246 390 1291 separat,
434 1239 615 1291 Hypanis
656 1253 728 1291 per
770 1239 970 1277 Nomadas
1012 1246 1055 1277 et
1097 1239 1273 1290 Hylaeos
1313 1238 1402 1276 fluit

216 1326 337 1350 manu
370 1312 478 1350 facto
511 1313 623 1350 alveo
656 1315 696 1349 in
727 1313 878 1358 Bucen,
911 1312 1081 1350 naturali
1115 1315 1155 1348 in
1188 1311 1400 1349 Coretum:

216 1389 328 1437 regio
346 1385 510 1437 Scythia
528 1385 689 1423 Sindica
707 1388 946 1423 nominatur.

271 1458 351 1496 Sed
388 1472 412 1496 a
449 1458 648 1496 Carcinite
681 1458 849 1496 Taurica
882 1461 1033 1509 incipit,
1064 1458 1265 1509 quondam
1304 1460 1401 1494 mari

215 1531 453 1570 circumfusa
488 1538 530 1569 et
566 1535 650 1583 ipsa
685 1546 764 1582 qua
799 1545 903 1569 nunc
938 1534 1067 1582 campi
1102 1534 1257 1575 iacent;
1307 1531 1401 1568 dein

216 1607 336 1643 vastis
368 1605 566 1642 attollitur
595 1607 709 1656 iugis.
766 1607 933 1655 triginta
960 1611 1055 1643 sunt
1081 1617 1219 1642 eorum
1249 1603 1398 1655 populi,

216 1691 266 1715 ex
285 1680 331 1715 iis
352 1678 639 1715 mediterranei
658 1690 770 1722 xxm,
791 1690 829 1714 w
850 1677 998 1728 oppida
1017 1677 1233 1728 Orgocyni,
1253 1676 1399 1714 Chara-

214 1753 317 1795 ceni,
342 1751 546 1801 Assyrani,
572 1749 757 1793 Stactari,
786 1750 1015 1795 Acisalitae,
1049 1749 1234 1794 Caliordi,
1262 1751 1398 1800 iugum

213 1825 343 1874 ipsum
380 1822 634 1874 Scythotauri
662 1829 817 1860 tenent.
872 1823 1086 1860 cluduntur
1113 1823 1164 1859 ab
1191 1821 1400 1860 occidente

259 1938 274 1953 ⁸
298 1933 351 1966 On
365 1933 424 1965 the
439 1937 522 1965 west
536 1933 571 1965 oi
585 1933 643 1964 the
656 1934 779 1965 Tauric
793 1933 1009 1970 Chersonaec,
1025 1933 1084 1964 the
1099 1932 1239 1964 modom
1253 1932 1397 1965 Crimoa.

261 1977 274 1996 ⁶
296 1977 368 2009 The
385 1979 402 2008 7
420 1977 526 2008 tribes
543 1976 665 2008 named
684 1977 766 2007 with
783 1977 842 2008 the
859 1978 899 2008 23
917 1977 1028 2007 above
1045 1976 1145 2007 make
1163 1986 1209 2017 up
1226 1975 1284 2007 the
1300 1977 1354 2008 30.

221 2039 286 2075 182
