1515 2351
131 528 173 558 86

130 999 170 1030 87

128 1649 169 1678 88

405 125 596 163 PLINY:
649 125 914 163 NATURAL
951 125 1188 163 HISTORY

201 228 447 267 Cherroneso
477 228 576 273 Nea,
605 229 656 266 ab
693 234 783 265 ortu
817 227 974 279 Scythis
1003 227 1194 266 Sataucis.
1252 231 1293 266 in
1320 243 1388 266 ora

201 301 223 324 a
235 288 400 325 Carcine
413 288 561 338 oppida
571 286 754 338 Taphrae
766 289 806 324 in
818 289 912 338 ipsis
925 289 1119 338 angustiis
1131 288 1380 338 peninsulae‚

201 361 293 384 mox
340 346 535 383 Heraclea
581 346 849 383 Cherronesus
894 345 1083 383 libertate
1129 359 1152 383 a
1197 346 1384 384 Romanis

199 405 415 449 donatum;
481 404 686 456 Megarice
735 405 951 442 vocabatur
999 410 1132 449 antea,
1180 407 1383 456 praecipui

200 467 337 501 nitoris
358 467 397 500 in
419 470 506 501 toto
527 477 576 501 eo
596 469 729 501 tractu
749 463 959 500 custoditis
982 463 1176 501 Graeciae
1198 465 1385 509 moribus,

203 530 226 561 ῦ
279 537 466 574 passuum
520 522 723 560 ambiente
777 536 901 560 muro.
980 522 1073 560 inde
1127 521 1385 560 Parthenium

198 585 531 633 promunturium,
559 581 779 618 Taurorum
807 583 946 618 civitas
975 579 1122 626 Placia,
1149 580 1382 632 Symbolum

198 647 350 692 portus,
361 643 681 691 promunturium
698 640 982 691 Criumetopon
1001 640 1211 678 adversum
1227 640 1385 677 Caram-

198 700 315 738 bicon
344 701 466 738 Asiae
501 702 820 750 promunturium
860 712 932 750 per
970 699 1148 736 medium
1186 699 1385 736 Euxinum

197 772 431 810 procurrens
446 764 542 796 effi
555 758 777 802 intervallo,
790 771 893 808 quae
907 760 1081 796 maxime
1094 760 1197 795 ratio
1212 757 1385 809 Scythici

198 831 309 855 arcus
325 817 494 854 formam
509 817 640 854 efficit.
696 818 746 853 ab
762 830 810 854 eo
825 817 1043 854 Taurorum
1059 823 1197 868 portus
1213 817 1328 854 multi
1344 823 1386 854 et

197 876 315 914 lacus.
373 877 564 928 oppidum
586 875 811 913 Theodosia
833 889 856 912 a
880 876 1138 927 Criumetopo
1161 881 1261 914 ἓ-Χῑῦ
1281 889 1336 927 p.,
1363 889 1386 913 a

198 934 445 973 Cherroneso
481 949 575 973 vero
619 941 725 973 ff-w.
782 934 885 972 ultra
922 934 1034 972 fuere
1068 935 1215 986 oppida
1242 934 1382 986 Cytae,

201 993 456 1045 Zephyrium,
482 995 624 1039 Acrae,
651 993 947 1046 Nymphaeum,
974 993 1074 1038 Dia;
1113 1000 1240 1031 restat
1265 993 1383 1045 longe

197 1053 480 1090 validissimum
510 1056 549 1090 in
578 1055 663 1104 ipso
692 1052 855 1104 Bospori
879 1055 1045 1090 introitu
1070 1051 1383 1103 Panticapaeum

198 1111 462 1157 Milesiorum,
491 1126 514 1149 a
542 1111 766 1149 Theodosia
795 1118 952 1150 mmm—11
981 1124 1007 1148 D
1035 1126 1089 1163 p.‚
1117 1124 1142 1148 a
1170 1111 1385 1148 Cimmerio

197 1185 290 1208 vero
323 1171 471 1222 oppido
504 1177 614 1208 trans
649 1170 798 1208 fretum
831 1174 909 1208 sito
943 1183 1007 1208 uu
1043 1183 1082 1215 1),
1117 1177 1162 1208 ut
1196 1170 1382 1215 diximus,

195 1244 355 1281 passus:
393 1229 492 1268 haec
515 1231 569 1267 ibi
592 1230 765 1267 latitudo
787 1230 927 1267 Asiam
949 1230 1001 1267 ab
1023 1229 1185 1280 Europa
1207 1235 1382 1280 separat,

197 1302 325 1340 eaque
349 1292 434 1340 ipsa
455 1289 625 1340 pedibus
648 1289 885 1339 plerumque
908 1291 1045 1339 pervia
1067 1288 1241 1338 glaciato
1265 1287 1381 1326 freto.

195 1347 359 1399 Bospori
384 1347 588 1385 Cimmerii
623 1348 862 1398 longitudo¹
890 1353 951 1386 ᾖ
974 1360 1000 1384 1>
1024 1360 1212 1398 passuum
1237 1347 1385 1398 oppida

195 1405 318 1444 habet
362 1406 619 1450 Hermisium,
666 1406 934 1457 Myrmecium
978 1412 1019 1443 et
1063 1408 1169 1443 intus
1213 1406 1380 1443 insulam

195 1465 413 1516 Alopecen.
468 1479 540 1516 per
564 1465 762 1502 Maeotim
783 1471 921 1502 autem
943 1466 994 1501 ab
1016 1471 1199 1502 extremo
1220 1463 1381 1509 isthmo,

194 1528 259 1575 qui
284 1525 389 1562 locus
411 1523 594 1575 Taphrae
618 1530 795 1569 vocatur,
817 1524 869 1561 ad
890 1537 932 1561 os
955 1524 1119 1574 Bospori
1143 1529 1236 1562 cc—Lx‘
1257 1523 1382 1574 longia

194 1583 293 1620 tudo
311 1582 522 1634 colligitur.

249 1643 285 1678 A
336 1641 501 1693 Taphris
551 1655 623 1693 per
671 1644 948 1679 continentem
999 1644 1188 1679 introrsus
1238 1647 1382 1679 tenent

192 1700 402 1738 Auchetae
434 1700 541 1752 apud
571 1714 669 1751 quos
700 1701 882 1752 Hypanis
912 1703 1051 1744 oritur,
1083 1700 1243 1738 Neuroe
1273 1700 1379 1751 apud

586 1796 598 1815 ²
622 1796 826 1828 Pintianus:
861 1794 1019 1828 latitudo.

327 1946 342 2005 ἰ
362 1941 569 2025 ἓίὶα-ξὺέιὲυο,
589 1941 647 1973 the
666 1941 829 1973 southern
850 1942 948 1983 point
965 1941 1001 1973 of
1019 1941 1078 1972 the
1096 1941 1240 1974 Crimea.

199 2047 264 2092 184
