1515 2351
404 138 571 177 PLINY
586 153 594 176 :
647 139 912 178 NATURAL
949 139 1185 178 HISTORY

203 247 319 281 natis.
374 250 517 294 gentes
571 244 893 294 Trogodytarum
945 244 1053 281 idem
1108 244 1208 281 Iuba
1259 243 1386 282 tradit

201 297 449 335 Therothoas
477 311 499 334 a
527 304 675 334 venatu
702 298 843 338 dictos,
870 300 994 335 mirae
1021 297 1257 340 velocitatis,
1283 300 1386 335 sicut

204 350 543 401 Ichthyophagos‚
573 357 762 388 natantes
793 363 868 388 ceu
899 354 1019 388 maris
1051 351 1253 395 animalia,
1285 351 1387 388 Ban-

201 418 340 453 genos,
353 405 576 453 Zangenas,
586 404 790 447 Thalibas,
801 404 984 448 Saxinas‚
995 403 1163 446 Sirecas,
1176 404 1387 448 Daremas,

125 462 183 493 177
206 458 469 494 Domazenes.
526 460 621 507 quin
659 464 700 495 et
744 457 901 494 accolas
946 457 1025 494 Nili
1067 471 1091 494 a
1133 457 1266 508 Syene
1308 471 1387 495 non

203 510 449 561 Aethiopum
484 511 651 561 populos
685 511 756 548 sed
791 511 972 548 Arabum
1008 524 1095 548 esse
1128 511 1226 548 djcit
1260 524 1388 561 usque

206 564 388 608 Meroen,
424 564 524 601 Solis
559 577 720 614 quoque
755 565 960 614 oppidum,
995 565 1103 614 quod
1138 577 1217 601 non
1251 565 1387 614 procul

205 617 388 668 Memphi
409 620 450 654 in
471 618 651 668 Aegypti
673 621 753 655 situ
775 618 962 662 diximus,
984 618 1140 655 Arabas
1161 618 1386 655 conditores

202 671 363 708 habere.
419 677 512 708 sunt
553 674 620 722 qui
652 677 694 708 et
725 671 956 708 ulteriorem
987 674 1114 721 ripam
1146 670 1388 721 Aethiopiae

203 724 390 762 auferant
426 725 728 775 adnectantque
764 724 937 762 Africae.
1000 726 1122 775 (ripas
1157 730 1295 762 autem
1330 727 1388 762 in-

200 778 360 815 coluere
377 784 542 828 propter
559 777 756 828 aquam.)¹
825 791 895 815 nos
913 778 1053 815 relicto
1070 781 1216 828 cuique
1233 778 1388 816 intelle-

202 832 324 882 gendi
341 832 505 868 arbitrio
526 832 674 882 oppida
694 845 772 882 quo
791 832 1007 869 traduntur
1027 832 1165 869 ordine
1185 833 1388 882 utrimque

202 898 396 936 ponemus
417 899 439 922 a
459 885 604 936 Syene.

126 942 185 973 178
255 938 419 975 XXXV.
449 939 502 976 Et
535 942 642 989 prius
675 939 852 975 Arabiae
882 938 1010 976 latere
1041 951 1140 989 gens
1173 938 1387 988 Catadupi,

202 992 350 1029 deinde
376 992 582 1043 Syenitae,
609 992 757 1042 oppida
783 992 1031 1041 Tacompson
1058 992 1196 1042 (quam
1224 992 1386 1042 quidam

202 1046 455 1096 appellarunt
488 1045 714 1095 Thaticen),
744 1046 952 1089 Aramum,
981 1045 1178 1089 Sesamos,
1208 1045 1388 1090 Andura,

203 1099 468 1143 Nasarduma,
492 1099 693 1136 Aindoma
718 1097 842 1136 Come
868 1113 959 1136 cum
981 1099 1161 1136 Arabeta
1181 1105 1223 1136 et
1242 1099 1387 1149 Boggi-

203 1165 293 1196 ana,
319 1152 607 1203 Leuphitorga,
636 1153 878 1196 Tautarene,
906 1152 1042 1196 Meae,
1063 1152 1265 1196 Chindita,
1287 1152 1387 1196 Noa,

203 1206 372 1256 Goploa,
393 1206 565 1250 Gistate,
589 1206 781 1254 Megada,
802 1206 899 1250 Lea,
920 1206 1077 1250 Remni,
1101 1204 1226 1254 Nups‚
1250 1205 1389 1250 Direa,

203 1259 387 1310 Patigga,
427 1259 605 1310 Bagada,
646 1260 847 1303 Dumana,
888 1259 1047 1296 Radata
1086 1261 1142 1309 (in
1183 1271 1262 1308 quo
1300 1259 1389 1297 felis

203 1326 323 1350 aurea
357 1326 427 1363 pro
460 1313 536 1350 deo
569 1313 806 1363 colebatur),
842 1313 984 1356 Boron,
1017 1316 1056 1349 in
1091 1313 1387 1350 mediterraneo

131 1370 186 1401 179
209 1366 336 1403 Mallo
365 1370 588 1417 proximum
623 1367 775 1403 Meroe.
830 1369 885 1403 sic
915 1366 1089 1416 prodidit
1121 1366 1232 1403 Bion.
1287 1366 1388 1404 Iuba

202 1420 341 1457 aliter:
409 1421 599 1470 oppidum
649 1419 879 1457 munitum³
926 1420 1051 1470 Mega
1095 1419 1236 1457 Tichos
1282 1422 1388 1457 inter

203 1475 438 1524 Aegyptum
479 1480 520 1511 et
561 1473 834 1523 Aethiopiam,
875 1474 981 1524 quod
1023 1474 1176 1510 Arabae
1219 1473 1386 1510 Mirsion

203 1533 459 1572 vocaverunt,
494 1527 588 1564 dein
622 1527 884 1577 Tacompson,
920 1528 1128 1570 Aramum,
1163 1526 1387 1571 Sesamum,

204 1580 315 1624 Pide,
347 1581 556 1624 Mamuda,
584 1580 812 1618 Corambim
841 1583 954 1617 iuxta
983 1581 1189 1617 bituminis
1218 1579 1386 1624 fontem,

203 1635 419 1678 Amodata,
445 1634 608 1678 Prosda,
635 1634 822 1678 Parenta,
850 1634 1003 1678 Mania,
1028 1634 1210 1678 Tessata,
1235 1633 1387 1677 Galles,

260 1752 270 1771 ¹
295 1754 386 1793 ripas
412 1778 418 1784 .
447 1778 452 1783 .
480 1775 488 1782 .
509 1762 635 1793 aquam
671 1752 746 1783 secl.
780 1751 944 1792 Maykoff,
976 1751 1039 1782 alii
1065 1755 1140 1792 post
1170 1751 1306 1783 Meroen
1341 1751 1390 1782 vel

207 1795 468 1879 halgeffidffiwff:
498 1838 621 1869 Munto
637 1842 665 1869 et
687 1838 768 1869 alia.

283 2010 297 2025 ⁶
319 2006 401 2038 This
415 2010 574 2038 sentence
588 2007 615 2037 is
629 2005 799 2047 probably
814 2005 1001 2048 misplaced
1017 2015 1055 2036 or
1070 2004 1308 2046 interpolated.

200 2091 271 2126 470
