1515 2351
430 139 622 177 PLINY:
674 140 940 178 NATURAL
976 140 1215 179 HISTORY

226 246 449 281 animantia
474 246 515 280 in
540 257 610 281 suo
636 256 786 294 genere
812 244 936 294 probe
962 243 1141 294 degunt:
1179 246 1414 295 congregari

225 307 405 345 videmus
442 313 485 345 et
521 313 628 345 stare
657 313 797 344 contra
824 307 1246 345 dissimilia—leonum
1276 307 1415 346 feritas

225 374 331 409 inter
358 385 399 409 se
429 385 508 409 non
535 371 715 416 dimicat,
743 374 993 422 serpentium
1020 385 1173 409 morsus
1202 385 1282 409 non
1308 374 1416 423 petit

224 438 436 487 serpentis,
462 449 512 473 ne
539 439 658 473 maris
685 435 849 486 quidem
874 435 1018 474 beluae
1045 449 1091 473 ac
1117 438 1246 487 pisces
1272 438 1347 474 nisi
1374 439 1414 473 in

225 501 382 538 diversa
399 514 550 551 genera
567 503 773 538 saeviunt:
807 506 850 537 at
872 500 1047 537 Hercule
1068 499 1218 538 homini
1244 500 1416 551 plurima

226 578 275 602 ex
294 564 454 601 homine
473 571 567 602 sunt
584 565 700 601 mala.

185 634 204 664 6
276 629 306 667 I.
337 629 390 666 Et
403 629 453 666 de
467 632 728 666 universitate
743 629 907 680 quidem
920 632 1078 680 generis
1091 628 1255 666 humani
1268 643 1417 681 magna

227 707 276 731 ex
296 700 412 744 parte
433 697 474 730 in
493 694 688 731 relatione
709 696 894 745 gentium
913 694 1099 731 diximus.
1155 707 1288 745 neque
1309 697 1416 732 enim

227 761 324 796 ritus
371 772 582 808 moresque
630 772 735 795 nunc
783 759 1047 795 tractabimus
1094 760 1323 796 innumeros
1370 772 1416 796 ac

226 823 398 860 totidem
417 836 546 873 paene
566 829 665 873 quot
683 829 778 860 sunt
796 829 934 860 coetus
953 822 1182 866 hominum;
1215 823 1416 873 quaedam

226 893 364 924 tamen
387 886 495 924 haud
517 887 746 924 omittenda
768 887 885 932 duco,
907 889 1164 938 maximeque
1187 887 1342 938 longius
1365 888 1416 925 ab

226 954 325 988 mari
366 951 618 1002 degentium,
659 954 701 988 in
743 952 887 1001 quibus
928 951 1158 1002 prodigiosa
1199 951 1332 1002 aliqua
1373 958 1415 990 et

226 1016 474 1053 incredibilia
519 1015 655 1052 multis
702 1018 830 1052 visum
874 1017 921 1052 iri
966 1014 1074 1053 haud
1119 1015 1272 1053 dubito.
1329 1018 1416 1066 quis

226 1083 333 1118 enim
366 1080 590 1131 Aethiopas
623 1086 844 1131 antequam
876 1086 1061 1118 cerneret
1092 1080 1291 1118 credidit?
1345 1087 1416 1118 aut

226 1145 322 1195 quid
339 1158 417 1182 non
435 1145 625 1182 miraculo
643 1150 705 1182 est
721 1158 812 1182 cum
829 1147 1001 1195 primum
1018 1147 1058 1181 in
1074 1147 1261 1182 notitiam
1277 1145 1415 1183 venit?

226 1223 347 1260 quam
379 1209 508 1246 multa
540 1209 625 1246 fieri
658 1223 738 1246 non
769 1222 885 1260 posse
917 1212 1151 1260 priusquam
1181 1215 1277 1246 sunt
1308 1209 1416 1247 facta

190 1280 207 1308 7
228 1274 482 1311 iudicantur?
537 1279 705 1311 naturae
729 1287 822 1310 vero
844 1287 978 1311 rerum
1000 1276 1056 1310 vis
1080 1279 1203 1324 atque
1226 1276 1416 1311 maiestas

226 1340 265 1375 in
289 1340 472 1375 omnibus
496 1341 711 1375 momentis
737 1338 814 1375 fide
837 1344 949 1375 caret
971 1340 1003 1374 si
1027 1341 1114 1388 quis
1137 1337 1256 1375 modo
1279 1344 1415 1389 partes

226 1405 310 1440 cius
335 1417 379 1440 ac
405 1416 483 1439 non
508 1409 637 1440 totam
662 1402 941 1452 conplectatur
965 1405 1109 1439 animo.
1165 1415 1215 1440 ne
1239 1416 1415 1453 pavones

225 1481 270 1505 ac
287 1470 451 1518 tigrium
466 1466 836 1518 pantherarumque
851 1467 1027 1504 maculas
1048 1472 1090 1504 et
1106 1472 1168 1504 tot
1184 1466 1415 1504 animalium

225 1534 400 1582 picturas
423 1545 749 1576 commemorem,
771 1545 938 1582 parvum
961 1531 1073 1568 dictu
1095 1531 1166 1568 sed
1188 1533 1414 1569 inmensum

226 1599 522 1641 aestimatione,
560 1602 623 1633 tot
660 1598 845 1647 gentium
882 1608 1100 1640 sermones,
1138 1601 1200 1632 tot
1238 1595 1414 1647 linguae,

226 1666 341 1697 tanta
359 1661 549 1711 loquendi
573 1663 745 1697 varietas
764 1666 809 1697 ut
828 1665 1020 1697 externus
1038 1660 1168 1697 alieno
1186 1673 1315 1710 paene
1334 1673 1414 1698 non

188 1730 208 1760 8
227 1727 279 1762 sit
305 1724 474 1762 hominis
499 1725 605 1762 vice!
646 1727 725 1762 iam
751 1727 790 1761 in
816 1724 917 1762 facie
943 1724 1137 1774 vultuque
1163 1730 1298 1762 nostro
1323 1737 1415 1762 cum

226 1792 305 1826 sint
331 1789 472 1827 decem
498 1795 569 1826 aut
594 1789 712 1839 paulo
737 1789 852 1839 plura
877 1789 1071 1833 membra,
1097 1788 1224 1825 nullas
1249 1788 1348 1826 duas
1373 1791 1414 1825 in

226 1859 288 1890 tot
326 1854 484 1891 milibus
522 1853 728 1890 hominum
764 1853 1000 1891 indiscretas
1037 1853 1188 1904 effigies
1225 1855 1415 1898 existere,

556 2001 570 2016 ⁶
597 1995 637 2027 In
654 1996 711 2027 tho
725 1994 962 2037 geographical
980 1994 1095 2029 books,

229 2071 299 2108 510
