1515 2351
381 114 573 152 PLINY:
625 115 889 153 NATURAL
926 115 1163 154 HISTORY

179 221 357 256 noctium
403 218 558 255 decem.
612 220 653 254 in
701 218 834 255 medio
881 232 929 255 eo
975 221 1106 269 spatio
1153 218 1363 256 Atlantem

179 296 323 334 locaw't
353 310 376 333 a
403 298 548 333 ceteris
577 296 760 333 omnibus
790 298 829 332 in
859 299 1050 334 extremis
1082 296 1363 334 Mauretaniae

179 378 395 429 proditum.

116 461 148 491 ll
232 456 410 492 Romana
432 468 541 492 arma
561 458 735 506 primum
756 454 922 493 Claudio
942 458 1120 506 principe
1141 459 1181 493 in
1204 455 1365 494 Maure-

178 536 290 572 tania
316 533 515 570 bellavere
544 531 822 571 Ptolemaeum
849 547 987 585 regem
1015 547 1039 570 a
1067 534 1168 572 Gaio
1195 533 1364 572 Caesare

181 615 470 662 interemptum
515 611 732 649 ulciscente
777 611 922 649 liberto
967 612 1216 658 Aedemone,
1261 612 1366 650 refu-

180 691 464 741 gientibusque
498 690 676 727 barbaris
710 696 876 727 ventum
909 696 1068 728 constat
1102 690 1153 727 ad
1186 697 1365 729 montem

182 768 404 806 Atlantem.
459 781 533 805 nec
559 768 686 805 solum
711 768 922 805 consulatu
946 768 1167 818 perfunctis
1193 774 1317 819 atque
1342 782 1364 807 e

181 852 325 884 senatu
357 846 522 883 ducibus
556 848 623 896 qui
655 851 742 882 tum
774 859 836 883 res
867 859 1029 896 gessere
1060 846 1133 884 sed
1165 847 1365 898 equitibus

181 938 341 976 quoque
370 924 558 961 Romanis
586 926 653 974 qui
682 937 732 961 ex
760 937 808 961 eo
834 924 1046 975 praefuere
1073 925 1127 962 ibi
1155 925 1365 963 Atlantem

116 1009 153 1038 12
180 1009 413 1054 penetrasse
434 1005 474 1039 in
493 1002 619 1053 gloria
640 1002 728 1039 fuit.
785 1005 961 1053 quinque
982 1008 1076 1040 sunt
1095 1003 1158 1053 (ut
1177 1003 1365 1054 diximus)

183 1082 385 1119 Romanae
433 1081 611 1118 coloniae
660 1083 700 1117 in
748 1094 796 1118 ea
843 1083 1057 1131 provincia,
1104 1083 1364 1132 perviumque

181 1159 288 1197 fama
302 1161 315 1184 ¹
336 1160 459 1197 videri
476 1165 634 1210 potest3
661 1159 732 1196 sed
752 1159 792 1196 id
813 1158 1049 1210 plerumque
1071 1159 1365 1198 fallacissimum

181 1241 459 1289 experimento
499 1237 830 1288 deprehenditur,
870 1240 963 1288 quia
1002 1237 1236 1289 dignitates,
1275 1252 1365 1276 cum

181 1317 371 1368 indagare
410 1330 501 1353 vera
539 1319 691 1366 pigeat,
729 1318 978 1367 ignorantiae
1016 1316 1168 1367 pudore
1206 1319 1366 1354 mentiri

182 1409 258 1433 non
287 1397 414 1446 piget,
443 1393 541 1431 haut
570 1394 646 1431 alio
676 1394 767 1431 fidei
796 1397 979 1445 proniore
1008 1394 1120 1445 lapsu
1149 1408 1270 1445 quam
1299 1395 1364 1432 ubi

180 1474 303 1511 falsae
355 1476 409 1511 rei
448 1476 579 1523 graw's
619 1479 757 1510 auctor
795 1475 944 1511 existit.
1011 1472 1197 1524 equidem
1236 1476 1364 1511 minus

179 1555 298 1589 miror
335 1554 570 1600 inconperta
619 1550 819 1601 quaedam
860 1564 947 1588 esse
985 1553 1180 1602 equestris
1219 1551 1364 1589 ordinis

180 1633 280 1671 viris,
311 1632 390 1666 iam
422 1642 514 1666 vero
545 1635 586 1666 et.
615 1635 801 1666 senatum
831 1628 924 1666 inde
954 1629 1208 1673 intrantibus,
1243 1643 1363 1680 quam

180 1707 373 1751 luxuriae,
425 1709 535 1743 cuius
588 1707 857 1743 efficacissima
910 1709 965 1743 vis
1017 1709 1190 1744 sentitur
1241 1712 1363 1757 atque

179 1788 369 1829 maxima,
393 1798 482 1821 eum
509 1785 633 1828 ebori,
657 1787 756 1821 citro
780 1784 901 1821 silvae
927 1786 1201 1834 exquirantur,
1226 1798 1363 1823 omnes

113 1870 151 1900 13
177 1863 327 1913 scopuli
359 1862 520 1899 Gaetuli
552 1863 780 1907 muricibus,
810 1864 1005 1913 purpuris.
1061 1861 1274 1912 indigenae
1305 1868 1364 1900 ta-

655 1981 667 2000 ²
688 1979 738 2012 VJ.
757 1981 879 2013 famae.

182 2045 252 2081 226
