1515 2351
127 224 167 254 73

397 113 587 150 PLINY:
639 112 904 150 NATURAL
941 111 1179 150 HISTORY

246 219 309 254 Ab
349 217 557 254 occidente
597 216 713 253 litora
755 217 895 252 Esseni
935 215 1097 266 fugiunt
1136 228 1263 266 usque
1303 229 1383 266 qua

195 293 355 331 nocent,
386 300 485 337 gcns
521 286 604 323 sola
646 292 688 322 et
718 288 759 322 in
789 291 877 322 toto
907 286 1002 322 orbe
1034 291 1196 336 praeter
1225 291 1382 323 ceteras

196 360 308 401 mira,
337 359 421 393 sine
452 356 531 392 ulla
560 355 724 399 femina,
753 357 861 391 omni
890 368 1037 392 venere
1067 355 1268 400 abdicata,
1297 357 1382 392 sine

195 429 379 477 pecunia,
409 428 515 462 socia
546 424 781 475 palmarum.
838 427 878 461 in
909 424 1017 461 diem
1049 437 1098 461 ex
1131 437 1262 474 aequo
1292 437 1384 461 con-

196 509 387 532 venarum
407 495 525 531 turba
544 496 765 531 renascitur
783 493 893 544 large
912 493 1265 544 frequentantibus
1285 506 1384 544 quos

197 568 279 602 vita
298 564 422 601 fessos
442 564 493 601 ad
513 577 643 600 mores
663 577 802 600 eorum
822 562 983 600 fortuna
999 563 1013 586 ¹
1034 562 1220 600 fluctibus
1240 565 1381 613 agitat.

197 638 253 672 ita
300 648 370 684 per
411 633 634 671 seculorum
675 632 784 669 milia
825 632 1074 682 (incredibile
1116 632 1243 682 dictu)
1285 645 1384 683 gens

197 710 364 741 aeterna
386 709 447 740 est
468 706 509 739 in
532 716 611 753 qua
632 715 751 739 nemo
774 704 970 739 nascitur:
1008 707 1094 738 tam
1116 701 1290 738 fecunda
1310 700 1385 738 illis

198 774 363 810 aliorum
383 775 489 809 vitae
508 773 760 823 paenitentia
780 772 860 809 cst!

251 841 360 879 Infra
398 841 468 878 hos
508 841 678 892 Engada
716 841 908 891 oppidum
948 840 1037 885 fuit,
1075 840 1297 878 secundum
1335 840 1386 878 ab

199 912 485 962 Hierosolymis
518 911 729 948 fertilitate
761 911 1111 961 palmetorumque
1143 911 1386 955 nemoribus,

199 996 303 1020 nunc
336 982 507 1019 alterum
541 982 716 1018 bustum.
773 980 866 1017 inde
903 980 1073 1017 Masada
1105 980 1314 1018 castellum
1347 982 1386 1017 in

199 1066 297 1103 rupe
323 1059 365 1089 ct
388 1055 518 1103 ipsum
542 1050 642 1088 haut
664 1050 800 1102 procul
826 1050 1069 1101 Asphaltite.
1126 1056 1169 1088 et
1191 1049 1387 1088 hactenus

201 1123 351 1159 Iudaea
370 1128 443 1159 cst.

249 1191 356 1228 XVI.
389 1192 573 1241 Iungitur
594 1193 630 1228 ei
652 1190 779 1227 latere
800 1189 939 1241 Syriae
962 1189 1257 1241 Decapolitana
1277 1192 1388 1241 regio

199 1276 223 1299 a
261 1275 426 1299 numero
465 1261 715 1312 oppidorum,
754 1263 794 1296 in
832 1273 911 1310 quo
950 1273 1029 1297 non
1067 1273 1206 1297 omnes
1245 1259 1388 1297 cadem

200 1333 427 1376 observant,
460 1331 619 1382 plurimi
654 1337 793 1367 tamen
830 1330 1074 1367 Damascum
1110 1335 1231 1380 epoto
1267 1331 1388 1380 riguis

201 1415 318 1439 amne
362 1401 604 1452 Chrysorroa
647 1400 837 1445 fertilem,
881 1398 1213 1451 Philadelphiam,
1257 1398 1389 1450 Rhap-

201 1472 347 1509 hanam
372 1472 521 1522 (omnia
545 1474 584 1507 in
612 1471 802 1507 Arabiam
826 1469 1091 1519 recedentia),
1115 1468 1389 1520 Scythopolim

202 1544 339 1593 (antea
370 1541 535 1592 Nysam,
565 1555 588 1577 a
620 1541 765 1577 Libero
795 1538 914 1577 Patre
944 1539 1104 1590 sepulta
1134 1542 1289 1576 nutrice
1319 1539 1388 1590 ibi)

202 1611 358 1663 Scythis
385 1611 584 1655 deductis,
611 1610 772 1647 Gadara
799 1610 1027 1646 Hieromicc
1054 1609 1320 1660 praefluente,
1347 1615 1390 1646 et

202 1685 280 1719 iam
315 1681 468 1719 dictum
506 1681 681 1731 Hippon,
718 1680 838 1724 Dion,
874 1678 1025 1716 Pellam
1062 1682 1174 1730 aquis
1209 1678 1390 1723 divitem,

204 1752 406 1795 Galasam,
440 1749 677 1787 Canatham.
733 1751 1005 1786 intercurrunt
1037 1751 1285 1800 cinguntque
1319 1747 1390 1786 has

205 1822 322 1858 urbes
350 1818 608 1864 tetrarchiae,
633 1832 847 1869 regnorum
877 1821 1002 1856 instar
1031 1818 1227 1869 singulae,
1251 1823 1295 1855 et
1318 1820 1357 1855 in
1372 1815 1390 1841 ’ἶ

203 1904 328 1941 regna
366 1890 688 1933 contribuuntur,
728 1887 992 1933 Trachonitis,
1032 1886 1175 1924 Panias
1215 1888 1270 1938 (in
1311 1900 1391 1938 qua

354 1979 365 1998 ¹
393 1977 549 2019 Mayhoff
559 1989 566 2008 :
592 1977 760 2008 fortunae.
984 1977 997 1997 ²
1021 1976 1055 2007 in
1077 1975 1127 2008 v.l.
1147 1986 1202 2007 om

207 2043 276 2089 276
