1515 2351
74 922 132 953 105

75 1351 134 1382 106

365 135 555 173 PLINY:
608 134 875 173 NATURAL
911 134 1150 173 HISTORY

165 247 227 279 aet
246 247 288 278 et
305 243 450 279 tertius
469 245 608 290 portus
627 242 694 290 qui
714 245 880 276 vocatur
908 239 1046 284 Muza,
1064 252 1185 291 quem
1214 239 1351 278 Indica

164 305 369 353 navigatio
396 315 476 338 non
501 304 621 352 petit,
647 313 721 338 nec
748 304 822 338 nisi
848 303 948 338 turis
975 301 1225 352 odorumque
1252 302 1352 338 Ara-

163 364 341 401 bicorum
386 369 640 400 mercatores.
694 365 803 399 intus
846 362 1053 412 oppidum,
1096 366 1207 413 regia
1252 364 1352 407 eius,

164 426 393 476 appellatur
429 423 624 474 Sapphar,
660 424 852 474 aliudque
886 423 1000 462 Save.
1057 424 1176 461 Indos
1213 430 1350 461 autem

164 487 397 537 petentibus
432 486 687 523 utilissimum
722 491 782 522 est
816 485 866 522 ab
901 485 1014 523 Oceli
1049 485 1209 536 egredi3
1257 486 1350 523 inde

161 554 282 585 vento
300 547 475 597 Hippalo
491 550 685 597 navigant
700 547 842 584 diebus
863 559 909 583 n,
928 547 978 584 ad
1002 549 1174 596 primum
1195 560 1349 597 empor-

163 613 244 647 ium
261 609 400 646 Indiae
419 608 621 652 Muzirim‚
637 621 716 645 non
733 608 1006 658 expetendum
1025 614 1188 658 propter
1205 611 1350 646 vicinos

164 674 315 722 piratas
335 674 401 722 qui
421 673 606 720 optinent
625 670 755 707 locum
775 673 935 707 nomine
956 669 1119 714 Nitrias,
1138 683 1270 720 neque
1289 676 1350 708 est

165 733 373 770 abundans
401 732 623 775 mercibus;
665 737 875 781 praeterea
903 731 1022 781 longe
1050 745 1073 768 a
1100 737 1208 768 terra
1235 732 1350 769 abest

164 797 323 831 navium
369 796 505 837 statio,
550 793 816 844 lintribusque
861 792 1099 830 adferuntur
1143 806 1263 830 onera
1309 799 1351 831 et

165 862 396 905 egeruntur.
453 855 650 905 regnabat
706 854 773 898 ibi,
827 868 917 892 cum
974 854 1182 904 proderem
1238 853 1350 899 haec,

164 916 465 954 Caelobothras.
515 916 615 953 alius
633 916 768 953 utilior
787 922 924 966 portus
940 919 1072 965 gentis
1090 916 1351 965 Neacyndon,

165 982 230 1029 qui
255 985 418 1015 vocatur
439 978 613 1021 Becare;
648 978 702 1014 ibi
724 978 922 1028 regnabat
945 977 1138 1022 Pandion,
1159 977 1278 1028 longe
1300 978 1351 1014 ab

165 1043 342 1090 emporio
380 1038 448 1077 in¹
503 1039 799 1076 mediterraneo
840 1039 1019 1076 distante
1057 1039 1204 1089 oppido
1243 1039 1350 1090 quod

165 1108 329 1139 vocatur
345 1101 518 1138 Modura
532 1113 541 1145 3
568 1103 679 1151 regio
693 1106 828 1137 autern
845 1113 893 1137 ex
909 1113 987 1151 qua
1001 1103 1115 1150 piper
1128 1101 1350 1151 monoxylis

165 1163 348 1200 lintribus
400 1163 576 1199 Becaren
625 1161 853 1199 convehunt
903 1168 1068 1199 vocatur
1117 1161 1349 1199 Cottonara.

165 1239 270 1275 quae
313 1227 447 1261 omnia
491 1227 673 1275 gentium
717 1230 957 1274 portuumve
1000 1230 1069 1261 aut
1114 1223 1349 1273 oppidorum

165 1289 326 1323 nomina
365 1286 473 1335 apud
512 1288 712 1323 neminem
752 1288 927 1336 priorum
967 1288 1232 1335 reperiuntur,
1271 1298 1349 1336 quo

165 1354 333 1398 apparet
352 1350 497 1385 mutari
517 1347 692 1384 locon-um
711 1353 853 1384 status.
909 1360 959 1384 ex
979 1347 1094 1384 India
1113 1349 1350 1397 renavigant

165 1423 304 1446 mense
331 1411 537 1459 Aegyptio
565 1409 666 1459 Tybi
695 1411 927 1458 incipiente,
955 1415 1090 1445 nostro
1120 1409 1349 1453 Decembri,

166 1477 234 1508 aut
271 1474 408 1521 utique
446 1470 633 1507 Mechiris
668 1471 860 1521 Aegyptii
893 1473 998 1507 intra
1031 1470 1137 1507 diem
1171 1474 1349 1514 sextum,

166 1533 270 1582 quod
300 1533 341 1569 fit
370 1535 473 1569 intra
499 1532 586 1569 idus
614 1532 818 1569 Ianuarias
845 1538 1022 1575 nostras3
1060 1535 1117 1568 ita
1143 1534 1277 1568 evenit
1303 1537 1348 1569 ut

166 1594 307 1630 eodem
347 1607 450 1630 anno
489 1599 683 1630 remeent.
739 1596 930 1643 navigant
969 1599 1106 1630 autem
1145 1606 1193 1630 ex
1235 1592 1349 1630 India

166 1662 285 1692 vento
322 1655 515 1692 Volturno
551 1661 607 1699 et,
641 1669 731 1692 cum
766 1658 967 1692 intravere
1002 1654 1180 1692 Rubrum
1219 1654 1348 1698 Mare,

164 1716 298 1753 Africo
318 1717 377 1753 vel
398 1718 557 1753 Austro.

633 1805 645 1824 ²
674 1802 728 1836 VJ.
742 1815 806 1835 om.
825 1805 870 1836 in.

361 1917 374 1931 ⁰
399 1913 459 1944 See
479 1912 601 1949 above,
624 1914 636 1950 ξ
657 1914 728 1944 100.

362 1956 374 1974 ⁶
400 1955 571 1996 Probably
593 1956 717 1995 l’igeon
737 1955 863 1986 Island.

363 2004 373 2018 ε
397 1998 437 2029 In
455 1998 536 2036 fact,
556 1999 582 2029 it
601 2009 668 2029 was
687 1998 769 2030 with
786 1999 844 2029 the
863 1998 949 2030 NE.
968 2008 1142 2029 monfloon.

162 2060 233 2103 418
