1515 2351
137 528 179 559 86

138 849 179 880 87

137 1224 179 1254 88

407 151 598 190 PLINY:
650 153 915 191 NATURAL
952 153 1187 193 HISTORY

209 255 394 293 formicas
421 261 463 293 et
490 255 567 292 alia
592 261 677 293 tam
703 269 826 306 parva
851 255 949 294 fecit
974 256 1162 294 animalia
1186 263 1233 295 ut
1257 263 1394 309 partes

210 322 348 346 eorum
387 323 409 346 a
446 311 591 346 ceteris
628 312 736 346 cerni
774 322 853 346 non
890 316 1067 360 possent.
1123 310 1394 361 Myrmecides

210 363 373 413 quidam
416 365 456 399 in
500 363 644 400 eodem
687 375 836 413 genere
878 363 1063 400 inclaruit
1106 364 1301 415 quadriga
1343 378 1393 402 ex

209 416 353 453 eadem
377 419 548 453 materia
572 429 692 466 quam
717 429 854 453 musca
877 419 1080 467 integeret
1104 417 1175 454 alis
1198 417 1394 455 fabricata

209 476 251 506 et
271 482 372 506 nave
393 483 515 519 quam
535 469 691 519 apicula
711 472 840 519 pinnis
861 470 1137 508 absconderet.

256 523 389 560 XXII.
427 522 602 560 Auditus
637 536 760 559 unum
789 523 1019 574 exemplum
1046 522 1170 561 habet
1198 524 1393 568 mirabile,

206 576 402 627 proelium
426 589 505 626 quo
531 575 692 626 Sybaris
722 576 859 613 deleta
882 583 945 614 est
968 590 1016 614 eo
1039 577 1104 614 die
1129 591 1208 628 quo
1230 584 1392 628 gestum

207 636 295 667 erat
330 630 513 666 auditum
552 629 778 680 Olympiae.
834 643 927 666 nam
964 633 1095 669 nuntii
1110 628 1126 654 1
1169 630 1392 668 Cimbricae

206 686 395 720 victoriae
459 683 725 733 Castoresque
787 683 975 720 Romanis
992 683 1007 707 ²
1064 686 1131 734 qui
1194 683 1394 722 Persicam

207 739 412 774 xictoriam
441 739 526 787 ipso
555 737 620 774 die
650 750 729 787 quo
758 739 929 788 contigit
957 740 1193 775 nuntiavere
1224 740 1328 776 visus
1352 744 1395 776 et

207 793 416 827 numinum
438 790 551 827 fuere
574 793 796 841 praesagia.

256 844 412 881 XXIII.
459 843 662 881 Patientia
699 846 887 894 corporis,
931 849 977 881 ut
1023 850 1086 882 est
1128 845 1270 882 crebra
1310 858 1392 882 sors

206 897 498 942 calamitatum,
518 900 728 934 innumera
756 898 1000 935 documenta
1028 901 1201 949 peperit,
1229 898 1394 936 clarissi-

206 965 317 988 mum
336 954 377 988 in
398 951 556 988 feminis
585 951 772 988 Leaenae
798 953 1033 996 meretricis,
1056 964 1160 1002 quae
1182 958 1292 989 torta
1316 965 1394 990 non

206 1005 397 1042 indicavit
417 1005 682 1042 Harmodium
702 1011 745 1042 et
768 1006 1087 1055 Aristogitonem
1107 1005 1395 1056 tyrannicidas,

206 1061 246 1095 in
259 1061 350 1095 viris
364 1057 607 1103 Anaxarchi,
621 1061 687 1109 qui
701 1058 817 1095 simili
833 1058 884 1096 de
901 1071 1021 1095 causa
1033 1072 1124 1096 cum
1137 1064 1394 1109 torqueretur

206 1125 436 1162 praerosam
465 1112 654 1149 dentibus
687 1112 865 1163 linguam
894 1125 1097 1162 unamque
1127 1126 1241 1163 spem
1272 1113 1393 1150 indici

206 1169 246 1202 in
266 1169 426 1216 tyranni
448 1179 490 1203 os
512 1168 665 1216 expuit.

256 1219 402 1257 XXIV.
438 1219 636 1257 Memoria
652 1222 919 1256 necessarium
933 1222 1108 1257 maxime
1122 1222 1229 1257 vitae
1245 1220 1395 1257 boumn

206 1275 267 1310 cui
295 1276 510 1324 praecipua
535 1273 658 1310 fuerit
683 1272 783 1310 haut
802 1273 918 1310 facile
942 1273 1054 1310 dictu
1074 1279 1135 1311 est
1154 1279 1240 1310 tam
1259 1273 1395 1311 multis

206 1329 290 1363 eius
306 1327 473 1377 gloriam
494 1327 664 1377 adeptis.
720 1326 847 1377 Cyrus
866 1339 938 1364 rex
958 1327 1142 1364 omnibus
1158 1329 1198 1363 in
1214 1329 1395 1364 exercitu

206 1393 276 1417 suo
300 1381 491 1417 militibus
522 1383 684 1417 nomina
707 1379 898 1425 reddidit,
922 1379 967 1417 L.
990 1379 1120 1431 Scipio
1142 1380 1290 1431 populo
1318 1380 1394 1418 Ro-

205 1448 338 1479 mano,
355 1434 498 1471 Cineas
517 1433 656 1485 Pyrrhi
677 1436 782 1485 regis
798 1434 955 1485 legatus
975 1436 1132 1471 senatui
1155 1440 1197 1471 et
1217 1436 1394 1484 equestri

205 1487 331 1525 ordini
356 1488 506 1525 Romae
529 1494 690 1538 postero
712 1488 777 1525 die
800 1501 921 1538 quam
943 1487 1174 1525 advenerat.
1233 1487 1393 1525 Mithri-

398 1569 408 1588 ¹
434 1569 546 1600 nuntii
561 1568 636 1599 add.
654 1568 736 1599 Jan.

395 1612 407 1631 ²
430 1612 600 1644 Rackham
617 1611 779 1652 (Romam
798 1611 1014 1650 Rhemum->2
1046 1611 1205 1643 Romani.

253 1735 268 1750 ⁰
290 1731 427 1772 Fought
444 1734 481 1762 at
498 1730 557 1762 the
574 1731 662 1761 river
679 1729 784 1772 Sagra
801 1730 835 1761 in
853 1729 886 1762 S.
901 1729 1004 1771 Italy,
1023 1729 1082 1761 the
1099 1729 1242 1761 Locrian
1259 1729 1394 1761 settlers

208 1774 380 1816 defcating
396 1774 554 1809 Crotona,
572 1775 636 1805 560
653 1782 718 1805 B.c.

255 1818 268 1837 θ
292 1818 378 1848 Won
410 1817 455 1858 by
482 1817 609 1848 Marius
635 1821 672 1847 at
695 1816 845 1857 Campus
872 1815 1027 1847 Raudius
1054 1817 1111 1847 101
1130 1824 1196 1847 nc.
1245 1815 1312 1848 For
1334 1815 1394 1848 the

208 1866 323 1902 repert
339 1860 512 1901 conveyod
531 1860 575 1901 by
588 1871 609 1892 a
625 1859 829 1892 miraculous
844 1860 937 1891 noise
950 1859 989 1891 of
1002 1859 1110 1891 battle
1125 1859 1161 1890 in
1176 1858 1235 1891 tho
1250 1858 1325 1899 sky,
1338 1869 1394 1891 see

209 1904 268 1966 1Ιῖ
280 1905 352 1979 114.8ε..
370 1946 491 1978 Castor
508 1945 575 1977 and
595 1945 646 1977 his
665 1945 803 1976 brother
821 1944 953 1976 Pollux.

251 1989 266 2009 ί
287 1990 375 2021 Won
394 1989 439 2030 by
456 1989 620 2021 Aemilius
639 1989 764 2020 Paulus
781 1993 818 2020 at
836 1988 968 2029 Pydna,
988 1989 1050 2020 168
1068 1995 1134 2020 13.0.

251 2038 263 2052 ·
285 2033 329 2064 At
352 2032 492 2068 Athens,
512 2033 576 2063 514
595 2041 659 2063 n.c.

208 2095 276 2142 562
