1515 2351
164 665 178 695 1

167 1038 185 1068 ΚΟ

650 541 853 588 LIBER
897 541 942 587 V

255 658 284 695 I.
319 659 503 695 Amnem
537 657 690 693 Gnffim
725 657 886 693 LmrAM
918 656 1170 707 appellavere
1204 663 1246 694 et
1277 670 1388 694 mare

205 719 299 749 ante
345 725 434 749 eam
481 711 688 761 Libycum.
744 711 935 760 Aegypto
981 710 1137 754 finitum
1196 723 1270 748 nec
1314 711 1390 748 alia

204 778 294 816 pars
339 771 538 802 terrarum
583 766 788 815 pauciores
835 766 976 814 recipit
1022 766 1129 801 sinus
1175 763 1292 815 longe
1340 765 1390 801 ab

204 818 413 856 occidente
429 818 443 841 1
470 818 632 855 litorum
659 817 819 868 obliquo
846 819 987 868 spatio.
1042 817 1280 868 populorum
1306 820 1390 855 eius

205 872 523 923 oppidorumque
555 873 717 908 nomina
750 870 811 908 vel
843 873 1018 907 maxime
1050 877 1144 908 sunt
1175 870 1391 908 ineffabilia

203 932 489 976 praeterquam
538 927 714 975 ipsorum
764 924 931 975 linguis;
990 930 1033 962 et
1082 924 1178 961 alias
1227 924 1391 963 castella

206 980 332 1017 ferme
352 978 593 1016 inhabitant.

258 1031 455 1084 Principio
523 1038 722 1070 terrarum
780 1031 1062 1069 Mauretaniae
1123 1031 1390 1082 appellantur,

206 1099 331 1137 usque
373 1086 424 1123 ad
466 1084 509 1123 C.
552 1085 766 1123 Caesarem
808 1085 1036 1122 Germanici
1090 1084 1212 1122 filium
1254 1099 1392 1137 regna,

205 1142 372 1178 saevitia
425 1142 509 1177 eius
563 1141 603 1176 in
656 1139 754 1176 duas
805 1139 955 1176 divisae
1007 1141 1240 1189 provincias.
1305 1152 1393 1190 pro-

205 1196 453 1231 munturium
467 1193 619 1231 Oceani
637 1199 865 1230 extremum
878 1192 1111 1243 Ampelusia
1127 1195 1356 1230 nominatur
1370 1207 1393 1231 a

207 1247 381 1284 Graecis.
445 1247 593 1297 oppida
613 1246 724 1283 fuere
744 1246 858 1283 Lissa
875 1252 917 1283 et
933 1246 1053 1283 Cotte
1071 1245 1175 1283 ultra
1189 1246 1392 1284 columnas

208 1301 404 1345 Herculis,
461 1314 565 1338 nunc
613 1306 675 1338 est
721 1300 837 1350 Tingi
885 1300 1088 1350 quondam
1135 1300 1186 1337 ab
1233 1301 1392 1338 Antaeo

206 1354 427 1399 conditum,
456 1360 598 1404 postea
625 1368 648 1390 a
674 1353 841 1390 Claudio
868 1353 1053 1398 Caesare,
1079 1366 1169 1391 cum
1195 1353 1391 1391 coloniam

210 1408 376 1453 faceret,
397 1408 644 1458 appellatum
665 1407 867 1444 Traducta
888 1406 1010 1450 Iulia3
1040 1407 1156 1444 abest
1175 1420 1198 1443 a
1218 1406 1392 1445 Baelone

207 1462 354 1513 oppido
374 1461 563 1499 Baeticae
584 1463 766 1512 proximo
781 1463 952 1497 traiectu
974 1461 1061 1497 Ξῖ.
1119 1461 1169 1497 ab
1190 1473 1238 1498 eo
1258 1463 1330 1497 ᾗ
1352 1463 1392 1498 in

206 1529 275 1552 ora
308 1515 459 1553 Oceani
490 1515 644 1552 colonia
676 1516 849 1565 Augusti
884 1514 983 1551 Iulia
1014 1513 1251 1551 Constantia
1280 1513 1393 1559 Zulil,

211 1582 351 1619 regum
377 1569 523 1606 dicioni
555 1574 747 1619 exempta
773 1574 816 1605 et
842 1570 927 1605 iura
954 1570 992 1604 in
1018 1567 1226 1605 Baeticam
1251 1574 1393 1618 petere

208 1625 323 1660 iussa.
381 1623 432 1659 ab
462 1635 511 1659 ea
537 1635 634 1659 xxxv
661 1622 815 1659 colonia
842 1635 865 1658 a
892 1621 1058 1658 Claudio
1086 1620 1257 1658 Caesare
1287 1619 1394 1659 facta

493 1719 505 1739 ²
529 1717 643 1759 [longe
659 1718 704 1749 ab
721 1718 911 1758 occidente]
930 1718 1119 1759 Dalmmp.

251 1882 266 1897 ⁰
289 1877 380 1919 Cape
396 1877 541 1918 Spartel.

253 1921 266 1940 δ
290 1920 513 1961 Presumably
546 1921 578 1951 in
612 1930 765 1961 memory
797 1919 836 1952 of
863 1931 884 1951 a
916 1920 1075 1961 previous
1106 1919 1228 1961 colony
1262 1919 1270 1932 ‘
1285 1923 1392 1952 trans-

208 1964 317 1995 secred
333 1964 340 1975 '
361 1964 447 1995 from
466 1963 611 2004 Tangier
631 1966 667 1994 to
686 1963 791 2004 Spain
811 1964 845 1994 in
866 1963 924 1994 the
943 1963 1026 1994 time
1045 1962 1084 1994 of
1098 1962 1212 1994 Julius
1231 1963 1362 1995 Caesar.

249 2012 259 2026 ⁶
284 2007 420 2043 Arzilla.
438 2007 471 2037 in
489 2006 548 2038 the
565 2007 725 2047 territory
743 2006 781 2037 of
793 2005 870 2037 Fez.

213 2069 283 2106 218
