1515 2351
116 1191 157 1221 43

383 109 573 147 PLINY:
625 109 890 147 NATURAL
926 108 1165 146 HISTORY

180 215 427 266 Hyrcanium
449 213 616 251 Caucasi
638 216 740 263 iugis
761 212 1015 250 attolluntur.
1070 214 1274 262 utrimque
1295 224 1367 261 per

180 279 336 317 devexa
370 278 543 316 laterum
579 278 797 314 Armeniae
836 276 980 313 Maiori
1015 289 1040 313 a
1074 275 1215 313 frontis
1250 281 1366 326 parte

181 357 284 394 quae
311 345 441 393 vergit
467 345 507 379 in
534 342 836 392 Commagenen
863 340 1083 391 Cepheum,
1109 346 1154 377 ut
1180 340 1366 384 diximus,

180 407 404 458 copulatur,
425 409 542 457 eique
562 406 774 444 Adiabene
793 405 1047 456 Assyriorum
1067 407 1239 449 initium,
1257 406 1367 441 cuius

181 486 271 523 pars
295 478 356 510 est
379 471 575 515 Arbilitis,
598 471 664 508 ubi
689 471 858 508 Darium
881 469 1114 507 Alexander
1136 467 1368 513 debellavit,

145 544 154 559 ³
182 535 393 587 proximal
425 536 576 586 Syriae.
631 541 763 572 totam
793 548 884 572 eam
917 533 1163 571 Macedones
1197 533 1368 584 Mygdo—

181 605 288 638 niam
308 603 692 652 cognominaverunt
713 613 735 636 a
754 599 1027 637 similitudine.
1082 598 1230 648 oppida
1249 597 1370 634 Alex-

182 666 336 710 andria,
356 668 454 704 item
476 664 692 702 Antiochia
712 677 834 715 quam
855 663 1032 701 Nesebin
1053 668 1220 706 vocant;
1255 663 1370 700 abest

182 731 233 768 ab
267 732 476 768 Artaxatis
508 729 608 767 Effe]
638 743 677 780 p.
713 728 789 766 fuit
824 735 866 766 et
901 728 1023 765 Ninos
1057 730 1229 778 inposita
1262 727 1369 778 Tigri

182 796 233 833 ad
278 796 371 832 solis
416 808 599 832 occasum
646 800 847 844 spectans,
893 792 1096 843 quondam
1140 791 1370 829 clarissima.

184 860 336 910 reliqua
368 873 461 897 vero
492 858 639 903 fronte,
671 872 750 909 qua
779 857 914 895 tendit
944 857 996 895 ad
1026 856 1217 906 Caspium
1246 868 1371 900 mare,

183 926 438 974 Atrapatene
477 924 528 960 ab
567 924 786 960 Armeniae
825 922 960 959 Otene
997 924 1162 972 regione
1199 921 1371 958 discreta

184 990 342 1034 Araxe;
378 988 569 1039 oppidum
594 991 677 1025 eius
703 987 854 1031 Gazae,
877 986 928 1023 ab
952 987 1160 1023 Artaxatis
1184 985 1298 1022 effi.
1318 998 1372 1035 p.,

183 1054 356 1092 totidem
384 1054 434 1090 ab
462 1053 680 1090 Ecbatanis
710 1051 939 1095 Medorum,
967 1063 1135 1102 quorum
1162 1063 1252 1100 pars
1279 1055 1372 1088 sunt

185 1120 440 1169 Atrapateni.

236 1183 368 1220 XVII.
398 1183 608 1220 Ecbatana
662 1187 785 1231 caput
842 1180 1006 1218 Mediae
1060 1179 1249 1217 Seleucus
1302 1192 1372 1216 rex

184 1248 377 1292 condidit,
407 1261 429 1284 a
462 1247 643 1284 Seleucia
680 1246 832 1297 Magna
868 1247 964 1282 ὀἷοὶ
990 1258 1029 1296 p.
1061 1257 1082 1281 a
1119 1244 1246 1281 Portis
1279 1256 1372 1281 vero

185 1313 336 1363 Caspiis
384 1314 456 1356 ,κ’-κς
519 1311 671 1362 reliqua
720 1310 935 1348 Medorum
983 1309 1130 1359 oppida
1179 1307 1374 1352 Phazaca,

185 1378 406 1429 Aganzaga
422 1377 451 1421 ²,
471 1377 655 1426 Apamea
676 1374 885 1426 Rhagiane
905 1376 1201 1425 cognominata.
1254 1385 1372 1410 causa

186 1442 395 1480 Portarum
436 1443 604 1478 nominis
644 1440 788 1478 eadem
827 1452 932 1490 quae
969 1451 1103 1488 supra,
1141 1440 1373 1486 interruptis

187 1513 360 1557 angusto
399 1508 573 1544 transitu
613 1507 714 1555 iugis
753 1507 812 1542 ita
850 1509 896 1541 ut
936 1505 1001 1540 vix
1041 1502 1197 1553 singula
1235 1507 1373 1539 meent

186 1572 379 1622 plaustra,
404 1570 657 1622 longitudine
681 1570 756 1606 ffii
781 1582 819 1618 p.
846 1574 934 1605 toto
959 1580 1081 1618 opere
1106 1579 1228 1603 manu
1253 1565 1373 1603 facto.

186 1637 331 1674 dextra
353 1635 550 1686 laevaque
574 1634 769 1671 ambustis
792 1631 940 1670 similes
964 1631 1188 1682 inpendent
1211 1630 1374 1680 scopuli,

187 1703 350 1739 sitiente
391 1706 523 1737 tractu
564 1712 636 1748 per
675 1711 800 1735 xxvlu
842 1709 904 1747 p.;
959 1698 1165 1747 angustias
1206 1694 1375 1744 impedit

186 1768 405 1803 corrivatus
450 1763 543 1801 salis
590 1776 612 1801 e
657 1762 842 1800 cautibus
889 1761 1016 1811 liquor
1062 1766 1187 1810 atque
1232 1758 1373 1796 eadem

241 1886 251 1905 ¹
281 1883 336 1915 VJ.
350 1884 516 1925 proxime.

240 1929 252 1947 ²
280 1927 443 1964 l'hazaca,
463 1926 646 1966 Aganzaga
666 1923 843 1955 Hardouin
861 1922 932 1954 coll.
951 1921 1036 1953 Ptol.
1057 1920 1115 1952 VI.
1136 1921 1179 1952 2:
1209 1919 1374 1962 Phizgan-

185 1982 280 2009 zaga.

188 2041 259 2088 368
