1515 2351
122 629 161 660 61

121 1532 163 1563 63

391 146 582 184 PLINY:
635 147 899 185 NATURAL
936 147 1173 185 HISTORY

190 251 324 287 sulatu
345 252 428 287 eius
451 249 495 286 L.
513 263 590 300 que
612 249 720 286 Sulla
733 249 887 300 collega
901 263 936 286 a.
952 250 991 287 d.
1007 262 1055 286 111
1069 249 1158 286 idus
1172 249 1319 300 Aprilis
1332 248 1376 287 C.

191 324 430 374 Crispinium
450 324 632 361 Hilarum
651 337 700 361 ex
718 327 894 375 ingenua
910 324 1028 374 plebe
1048 323 1270 361 Faesulana
1286 337 1377 362 cum

191 399 324 436 liberis
340 411 428 443 vm,
444 402 483 435 in
501 412 579 449 quo
596 412 762 436 numero
779 399 882 436 filiae
899 399 1003 436 duae
1021 398 1147 444 fuere,
1163 400 1378 450 nepotibus

191 486 312 518 xzwn,
353 475 642 524 pronepotibus
683 486 796 518 xvm,
837 474 1026 524 neptibus
1067 486 1155 518 vm,
1196 474 1378 525 praelata

191 563 339 599 pompa
357 563 447 586 cum
467 550 650 587 omnibus
669 548 728 586 his
747 551 787 585 in
806 548 1003 600 Capitolio
1022 548 1261 587 immolasse.

241 624 350 661 XIV.
383 623 532 661 Mulier
560 630 651 674 post
682 626 1087 675 quinquagensimum
1117 637 1265 661 annum
1300 638 1377 662 non

191 701 336 750 gignit,
360 701 565 749 maiorque
594 713 684 749 pars
711 711 758 736 xi,
783 698 1020 749 profluvium
1051 699 1229 750 genitale
1259 702 1377 737 sistit.

192 788 285 811 nam
309 777 349 811 in
379 777 469 811 viris
503 774 757 811 Masinissam
784 788 923 825 regem
949 780 1041 824 post
1067 787 1205 811 Lxxiwx
1230 788 1378 812 annum

191 862 406 901 generasse
438 849 561 886 filium
597 863 719 900 quem
757 849 1085 887 Methimannum
1117 849 1379 901 appellaverit

191 925 341 962 clarum
363 930 439 969 est,
461 925 658 962 Catonem
679 927 902 962 censorium
923 927 1168 975 octogesimo
1193 930 1336 962 exacto
1356 938 1378 963 e

146 1010 153 1018 ·
190 1000 270 1037 filia
298 999 431 1037 Saloni
462 999 619 1037 clientis
650 1002 732 1036 sui:
769 1013 849 1050 qua
876 999 927 1037 de
956 1013 1077 1037 causa
1101 1000 1268 1037 aliorum
1292 1002 1376 1038 eius

191 1075 361 1112 liberum
412 1088 590 1126 propago
637 1074 830 1111 Liciniani
876 1080 970 1112 sunt
1013 1077 1299 1126 cognominati,
1339 1074 1377 1112 hi

191 1149 406 1195 Saloniani,
441 1164 490 1187 cx
525 1153 612 1200 quis
646 1150 848 1187 Uticensis
881 1149 969 1187 fuit.
1025 1163 1153 1200 nuper
1183 1152 1306 1188 etiam
1332 1150 1376 1187 L.

192 1225 352 1263 Volusio
366 1225 580 1263 Saturnino
594 1228 633 1262 in
647 1226 755 1262 urbis
771 1225 1025 1276 praefectura
1043 1228 1223 1263 extincto
1237 1231 1377 1263 notum

192 1307 254 1338 est
268 1314 289 1338 e
304 1301 488 1338 Cornelia
504 1301 733 1351 Scipionum
747 1303 880 1352 gentis
897 1300 1102 1337 Volusium
1118 1299 1377 1338 Saturninum

191 1379 257 1426 qui
280 1376 356 1413 fuit
376 1376 512 1413 consul
537 1379 721 1427 genitum
745 1382 836 1426 post
859 1388 936 1412 an
962 1389 1123 1412 annum.
1179 1381 1222 1413 et
1251 1389 1376 1426 usque

191 1452 242 1488 ad
266 1464 361 1488 Lxxv
385 1451 493 1502 apud
511 1451 706 1502 ignobiles
726 1451 897 1502 vulgaris
917 1453 1115 1501 reperitur
1133 1453 1354 1502 generatio.

240 1527 327 1564 XV.
361 1526 495 1564 Solum
518 1533 654 1563 autem
677 1526 823 1563 animal
852 1526 1097 1563 menstruale
1125 1525 1266 1563 mulier
1292 1532 1377 1570 est3

190 1602 283 1639 inde
314 1605 430 1639 unius
461 1608 575 1639 utero
603 1615 702 1652 quas
723 1601 1027 1652 appellaverunt
1051 1601 1187 1639 molas.
1247 1615 1296 1639 ea
1315 1607 1375 1639 est

189 1691 279 1714 caro
295 1677 487 1721 informis,
503 1679 691 1721 inanima,
706 1676 799 1714 ferri
816 1679 942 1713 ictum
958 1682 1000 1714 et
1018 1679 1145 1714 aciem
1163 1689 1354 1727 respuens
1368 1688 1391 1721 ;-

190 1758 374 1790 movetur
398 1755 584 1802 sistitque
611 1765 782 1796 menseS‚
809 1758 854 1789 ut
879 1757 922 1789 et
946 1757 1099 1802 partus,
1125 1751 1220 1788 alias
1246 1751 1376 1789 letalis

190 1827 285 1865 alias
305 1841 384 1864 una
402 1840 613 1865 senescens
633 1826 846 1878 aliquando
865 1827 952 1864 alvo
969 1829 1153 1864 citatiore
1173 1826 1374 1864 excidens.

189 1902 317 1940 simile
352 1903 543 1953 quiddam
578 1908 621 1939 et
659 1905 749 1939 viris
788 1904 828 1938 in
863 1908 1003 1939 ventre
1042 1904 1234 1952 gignitur,
1268 1901 1376 1952 quod

190 1984 334 2015 vocant
360 1980 523 2022 scirron,
549 1979 653 2014 sicut
680 1977 811 2028 Oppio
840 1976 1023 2027 Capitoni
1054 1979 1252 2026 praetorio
1280 1978 1374 2014 viro.

193 2060 264 2107 546
