1515 2351
380 118 548 156 PLINY
563 133 571 156 ε
623 119 888 158 NATURAL
924 120 1161 159 HISTORY

177 224 371 259 iustitiam
400 222 468 259 ille
497 225 692 272 suspexit,
716 223 823 273 quod
850 226 954 273 paris
971 223 985 246 ¹
1010 223 1186 273 pondere
1210 224 1360 261 denarii

179 298 313 329 essent
347 295 387 328 in
419 294 578 341 captiva
612 295 797 342 pecunia,
830 306 921 330 cum
954 293 1134 330 diversae
1170 296 1363 344 imagines

178 361 402 398 indicarent
436 375 458 398 a
492 361 670 411 pluribus
703 362 844 400 factos.
900 368 942 400 et
975 361 1049 400 hoc
1082 365 1258 400 maxime
1290 363 1364 400 sol-

177 431 354 468 licitatus
373 431 424 468 ad
442 434 661 468 amicitiam
680 431 835 482 legatos
854 438 1046 483 quattuor
1062 435 1169 469 misit
1186 435 1364 482 principe

179 513 315 537 eorum
358 500 521 539 Rachia.
577 514 626 537 ex
667 500 726 538 his
765 505 971 553 cognitum
1012 514 1037 538 D
1077 514 1163 539 esse
1204 501 1364 552 oppida,

177 577 337 620 portum
363 576 503 607 contra
529 571 738 607 meridiem
765 572 993 622 adpositum
1019 571 1165 621 oppido
1193 570 1364 609 Palaesi-

178 640 328 677 mundo
359 644 535 677 omnium
568 641 619 677 ibi
651 640 868 679 clarissimo
899 655 944 678 ac
976 641 1117 691 regio‚²
1147 641 1195 677 EG
1226 641 1364 690 plebis.

111 715 152 745 86
179 716 367 760 stagnum
399 713 504 747 intus
539 710 724 759 Megisba
754 721 920 746 cchxxv
950 723 988 760 p.
1020 710 1189 754 ambitu,
1219 710 1365 747 insulas

178 780 315 830 pabuli
356 786 518 817 tantum
560 779 712 817 fertiles
753 779 1030 829 complexuum
1087 793 1136 817 ex
1179 793 1226 817 eo
1267 780 1365 817 duos

178 863 315 887 amnes
359 863 581 900 erumpere,
623 849 976 887 Palaesimundum
1018 852 1133 887 iuxta
1173 849 1365 900 oppidum

180 920 358 957 eiusdem
382 923 550 957 nominis
574 919 810 956 influentem
833 922 871 956 in
895 926 1055 969 portum
1078 920 1206 956 tribus
1229 919 1366 963 alveis,

179 993 358 1040 quinque
376 990 597 1027 stadiorum
618 992 830 1034 artissimo,
849 1002 897 1026 xv
917 989 1175 1039 amplissimo,
1194 989 1364 1026 alterum

179 1059 231 1097 ad
248 1063 543 1110 septentriones
564 1059 803 1109 Indiamque
823 1072 994 1103 versum,
1013 1058 1172 1110 Cydara
1191 1061 1364 1096 nomine.

179 1133 404 1179 proximum
434 1142 519 1167 esse
550 1129 690 1166 Indiae
717 1131 1038 1178 promunturium
1067 1129 1174 1179 quod
1203 1134 1367 1165 vocetur

179 1199 400 1243 Coliacum,
440 1199 651 1250 quadridui
692 1201 951 1249 navigatione
990 1198 1123 1236 medio
1171 1201 1211 1235 in
1249 1211 1365 1235 cursu

112 1273 152 1303 87
181 1268 281 1306 Solis
307 1269 436 1306 insula
462 1274 719 1312 occurrente;
758 1282 870 1305 mare
895 1269 948 1305 ibi
965 1267 981 1290 ³
1005 1268 1137 1305 colore
1166 1267 1366 1318 perviridi,

181 1344 393 1388 praeterea
414 1339 646 1376 fruticosum
660 1337 676 1360 ⁴
696 1338 916 1382 arboribus,
932 1339 1044 1375 iubas
1065 1351 1201 1375 earum
1223 1337 1367 1388 guber-

181 1409 329 1446 naculis
368 1409 687 1457 detergentibus.
744 1407 1047 1458 Septentriones
1087 1406 1366 1458 Vergiliasque

179 1478 286 1528 apud
310 1492 380 1515 nos
404 1478 526 1515 veluti
550 1481 590 1515 in
613 1491 714 1515 novo
736 1478 848 1515 caelo
871 1477 1133 1521 mirabantur,
1157 1490 1207 1514 ne
1230 1475 1366 1513 lunam

180 1548 342 1598 quidem
390 1548 496 1597 apud
545 1551 648 1597 ipsos
696 1550 767 1584 nisi
809 1548 860 1584 ab
895 1554 1036 1584 octava
1071 1550 1112 1584 in
1147 1559 1210 1583 xvi
1247 1559 1366 1596 supra

179 1624 329 1655 terram
367 1621 488 1668 aspici
526 1618 717 1661 fatentes,
755 1617 962 1667 Canopum
1002 1617 1132 1654 lucere
1169 1616 1365 1659 noctibus,

489 1720 500 1738 ¹
527 1717 582 1750 VJ.
599 1720 683 1760 pari.

487 1763 498 1781 ²
525 1761 579 1793 VJ.
598 1763 687 1799 regia
704 1762 785 1800 (-iae
799 1766 857 1792 aut
874 1762 956 1792 —iam
972 1761 1071 1801 ὠά).

486 1806 498 1825 ³
522 1805 593 1836 ibi?
625 1801 788 1845 Maykoffz
807 1805 839 1835 in
855 1809 912 1835 aut
930 1804 975 1836 id.

484 1848 496 1867 ⁴
516 1846 576 1879 VJ.
593 1847 820 1879 fructuosum.

247 1955 262 1970 ⁶
285 1950 437 1992 Perhaps
453 1960 474 1981 a
489 1949 577 1987 title,
595 1949 720 1990 Rajah.

249 1993 261 2013 θ
284 1994 365 2025 This
383 2003 491 2024 seems
508 1997 545 2024 to
565 1993 605 2024 be
621 2003 643 2024 a
659 1993 867 2033 description
885 1991 924 2023 of
937 2001 1297 2032 mangrove-awamps.

176 2067 246 2100 402
