1515 2351
123 237 166 269 92

395 128 586 167 PLINY:
638 128 904 167 NATURAL
940 128 1180 167 HISTORY

245 233 362 270 XIII.
393 232 677 283 Hellespontus
706 232 852 270 insulas
881 245 963 270 non
991 231 1116 270 habet
1145 234 1186 270 in
1215 232 1379 284 Europa

190 305 390 343 dicendas.
445 307 485 342 in
516 304 645 342 Ponto
675 305 792 349 duae,
824 317 853 341 Μ
885 317 910 341 n
940 305 991 342 ab
1022 305 1195 356 Europa,
1229 311 1298 344 Tei-v
1327 306 1378 343 ab

191 380 306 422 ostio,
347 377 548 429 Cyaneae,
588 378 639 415 ab
679 377 764 414 aliis
804 376 1095 428 Symplegades
1135 377 1378 429 appellatae,

190 450 444 500 traditaeque
473 449 616 487 fabulis
643 452 750 487 inter
777 463 820 487 se
848 452 1157 495 concucurrisse,
1187 452 1378 501 quoniam

190 536 311 574 parvo
350 522 547 560 discretae
587 521 795 560 intervallo
835 535 884 559 ex
925 522 1091 559 adverso
1131 523 1378 560 intrantibus

190 597 375 646 geminae
394 596 662 633 cernebantur
680 595 925 646 paulumque
945 594 1108 632 deflexa
1127 597 1213 632 acie
1232 608 1377 633 coeun-

191 670 292 705 tium
309 670 484 720 speciem
513 668 775 719 praebebant.
829 670 930 705 citra
948 667 1130 705 Histrum
1148 667 1377 718 Apollonia-

191 754 278 778 rum
294 739 309 763 ¹
330 754 410 778 una
431 755 526 778 meu
539 754 562 777 a
573 740 747 792 Bosporo
767 739 949 784 Thracio,
961 754 1010 777 ex
1024 754 1103 791 qua
1117 739 1175 776 M.
1191 739 1377 778 Lucullus

191 813 460 864 Capitoliumn
490 813 719 864 Apollinem
749 813 923 850 advexit.
979 815 1084 850 inter
1114 815 1218 850 ostia
1249 812 1376 850 Histri

123 892 164 922 93
183 899 286 937 quae
339 891 473 924 essent
513 886 697 923 diximus.
754 891 848 923 ante
883 884 1161 936 Borysthenen
1195 884 1378 922 Achillea

125 1617 169 1648 94

190 964 252 996 est
280 972 399 1010 supra
427 959 549 1004 dicta,
569 958 711 996 eadem
732 958 866 996 Leuce
885 964 927 996 et
948 957 1140 995 Macaron
1159 957 1373 1009 appellata.

189 1030 291 1069 hanc
320 1038 547 1082 temporum
577 1030 718 1068 horum
747 1031 1040 1068 demonstratio
1069 1044 1093 1068 a
1122 1029 1374 1081 Borysthene

191 1110 262 1142 δεῖ,
279 1107 405 1155 ponit,
419 1118 442 1141 a
460 1104 566 1155 Tyra
587 1110 671 1148 ffi,
689 1117 711 1140 a
728 1102 859 1141 Peuce
878 1103 1006 1141 insula
1028 1109 1060 1141 ἱ..
1115 1105 1289 1155 cingitur
1303 1105 1376 1141 cir-

189 1179 290 1214 citer
312 1183 336 1214 i
350 1191 387 1228 p.
447 1176 624 1228 reliquae
646 1179 686 1213 in
709 1176 908 1214 Carcinite
929 1178 1018 1214 sinu
1039 1175 1377 1227 Cephalonnesos‚

189 1249 384 1301 Spodusa,
427 1249 577 1287 Macra.
656 1263 734 1286 non
786 1255 848 1286 est
894 1249 1120 1286 omittenda
1159 1248 1376 1286 multorum

189 1324 336 1374 opinio,
369 1325 600 1374 priusquam
634 1322 883 1373 digredimur
916 1335 939 1359 a
974 1320 1116 1366 Ponto,
1151 1323 1216 1372 qui
1252 1323 1377 1359 maria

189 1398 322 1432 omnia
341 1398 531 1432 interiora
550 1395 616 1432 illo
636 1397 769 1446 capite
791 1397 913 1439 nasci,
934 1408 1014 1431 non
1035 1394 1237 1432 Gaditano
1258 1393 1376 1439 freto,

189 1470 470 1505 existimavere
501 1467 600 1505 haut
632 1467 869 1518 inprobabili
902 1473 1155 1518 argumento,
1187 1469 1376 1517 quoniam

188 1546 322 1578 aestus
337 1553 496 1591 semper
509 1553 531 1577 e
546 1539 675 1577 Ponto
689 1539 890 1591 profluens
905 1553 1124 1590 numquam
1138 1541 1374 1590 reciprocet.

241 1613 484 1651 Exeundum
502 1613 650 1650 deinde
670 1619 730 1650 est
751 1619 795 1650 ut
814 1619 956 1650 extera
974 1612 1159 1663 Europae
1177 1611 1377 1658 dicantur,

298 1683 311 1702 ¹
334 1682 503 1714 Rackham
517 1693 528 1714 .·
561 1681 841 1724 Apollonitarum
857 1686 915 1713 aut
932 1681 1245 1723 Apolloniatarum.

233 1800 248 1815 ⁶
272 1796 376 1845 Later
391 1795 576 1847 SozopoliS,
591 1806 666 1827 now
684 1795 839 1832 Sizeboli,
856 1805 911 1827 sco
928 1796 943 1836 5
959 1797 1023 1832 45;
1055 1795 1123 1827 and
1141 1795 1193 1827 sor
1208 1795 1268 1827 tho
1279 1795 1379 1827 other

189 1839 592 1914 Αῆοιὲᾚέἒῷνέἑοῗέ
605 1882 713 1913 about
731 1883 775 1914 50
794 1882 835 1913 st.
856 1881 948 1923 high,
974 1881 1120 1922 brought
1141 1886 1177 1912 to
1198 1881 1307 1912 Rome
1331 1881 1375 1922 by

189 1925 234 1957 M.
262 1925 412 1957 Licinius
438 1924 600 1956 Lucullus
626 1924 723 1956 when
749 1924 791 1956 he
816 1924 939 1956 retired
965 1924 1054 1956 from
1079 1924 1130 1955 his
1156 1924 1316 1965 province
1341 1924 1377 1956 οἱ

189 1968 390 1999 Macedonia
413 1969 446 1999 in
469 1969 505 1999 71
533 1977 599 1999 uc.
648 1967 746 1999 After
769 1967 868 2009 being
889 1967 1019 1999 carried
1041 1967 1075 1998 in
1098 1966 1149 1998 his
1171 1966 1326 2009 triumph
1350 1967 1377 1999 it,

189 2022 257 2042 was
275 2016 326 2042 set
344 2022 391 2053 up
409 2011 442 2042 in
461 2011 519 2042 the
536 2010 682 2052 Capitol.

193 2083 262 2120 190
