1515 2351
129 1081 170 1113 79

399 135 566 173 PLINY
580 150 589 173 ι
641 137 906 175 NATURAL
943 137 1181 176 HISTORY

196 240 384 278 adversus
433 240 689 278 Antilibanus
737 240 972 278 obtenditur
1019 240 1222 292 quondam
1268 255 1383 280 muro

195 308 441 341 coniunctus.
496 310 586 354 post
614 317 706 342 eum
733 308 924 342 introrsus
953 305 1246 355 Decapolitana
1271 308 1382 357 regio

196 369 510 419 praedictaeque
524 382 614 405 cum
632 382 679 406 ea
695 368 955 406 Tetrarchiae
971 375 1013 407 et
1030 369 1278 407 Palaestines
1293 375 1382 407 tota

135 451 142 467 a
195 433 363 476 laxita33
424 435 466 469 in
511 446 580 470 ora
627 439 765 470 autem
813 433 994 471 subiecta
1042 433 1195 471 Libano
1242 433 1381 472 fluvius

199 497 402 548 Magoras,
419 497 590 548 Berytus
605 497 759 535 colonia
776 511 881 548 quae
898 498 1008 535 Felix
1026 498 1127 535 Iulia
1142 498 1382 549 appellatur,

198 562 372 599 Leontos
428 561 646 612 Oppidum,
701 561 851 599 flumen
906 562 1049 613 Lycos,
1102 562 1382 614 Palaebyblos,

197 626 345 664 flumen
389 626 555 670 Adonis,
599 626 747 676 oppida
791 626 951 677 Byblos,
996 626 1154 677 Botrys,
1198 626 1383 678 Gigarta,

196 691 354 734 Trieris,
383 690 581 734 Calamos,
609 690 777 740 Tripolis
807 704 927 741 quam
955 691 1063 742 Tyrii
1093 696 1134 728 et
1163 690 1312 728 Sidonii
1340 697 1382 729 et

197 755 334 792 Aradii
354 757 554 804 optinent,
574 754 777 799 Orthosia,
796 754 1035 793 Eleutheros
1054 754 1217 800 flumen,
1236 755 1383 806 oppida

197 820 368 870 Zimyra,
392 818 613 863 Marathos,
633 825 856 870 contraque
875 819 1030 857 Arados
1054 825 1212 870 septem
1235 820 1382 858 stadio-

198 897 284 921 rum
301 883 493 933 oppidum
511 890 552 921 et
569 883 697 921 insula
714 884 897 921 ducentis
913 884 1095 933 passibus
1111 897 1134 920 a
1149 886 1384 923 continente

197 948 372 991 distans;
417 951 527 998 regio
557 951 596 984 in
628 961 706 998 qua
736 948 955 998 supradicti
984 948 1173 985 desinunt
1203 954 1383 994 montem

198 1018 238 1050 et
259 1013 588 1050 interiacentibus
607 1016 758 1062 campis
778 1012 972 1063 Bargylus
992 1025 1116 1049 mons.

248 1076 400 1113 XVIII.
446 1076 591 1126 Incipit
659 1075 749 1114 hinc
804 1090 936 1114 rursus
991 1075 1118 1127 Syria,
1173 1077 1384 1115 desinente

198 1140 408 1179 Phoenice.
464 1141 611 1191 oppida
641 1141 784 1185 Carne,
814 1141 1004 1186 Balanea,
1035 1140 1184 1186 Paltos,
1214 1141 1383 1186 Gabala,

197 1208 516 1255 promunturium
565 1208 604 1242 in
653 1219 731 1256 quo
781 1205 980 1243 Laodicea
1028 1205 1166 1250 libera,
1216 1206 1384 1256 Dipolis,

199 1269 410 1312 Heraclea,
426 1269 667 1313 Charadrus,
684 1269 899 1307 Posidium.
954 1270 1047 1307 dein
1063 1273 1382 1319 promunturium

197 1333 334 1385 Syriae
381 1333 642 1378 Antiochiae3
694 1337 799 1372 intus
846 1337 930 1384 ipsa
979 1333 1193 1371 Antiochia
1244 1334 1383 1379 libera,

199 1398 272 1448 Epi
290 1398 481 1449 Daphnes
494 1402 791 1450 cognominata,
805 1398 960 1436 Oronte
973 1412 1093 1436 amne
1105 1398 1317 1443 dix·iditux;
1344 1402 1382 1436 in

198 1466 473 1512 promunturio
497 1469 635 1500 autem
659 1462 840 1500 Seleucia
864 1463 989 1500 libera
1013 1462 1142 1500 Pieria
1165 1463 1382 1513 appellata.

197 1540 317 1576 super
347 1540 437 1564 eam
469 1541 581 1565 mons
612 1527 756 1565 eodem
787 1541 866 1577 quo
896 1527 996 1565 alius
1026 1530 1201 1570 nomine,
1232 1527 1384 1572 Casius,

197 1594 308 1628 cuius
342 1592 500 1629 excelsa
533 1591 706 1628 altitudo
740 1598 884 1642 quarta
918 1590 1051 1642 vigilia
1084 1594 1280 1629 orientem
1313 1605 1385 1642 per

198 1656 387 1693 tenebras
426 1655 550 1693 solem
589 1658 744 1706 aspicit,
783 1656 892 1693 brevi
931 1658 1176 1693 circumactu
1212 1659 1383 1706 corporis

198 1719 305 1757 diem
351 1726 593 1770 noctemque
636 1723 787 1770 pariter
831 1719 1059 1757 ostendens.
1115 1719 1290 1758 ambitus
1333 1720 1384 1758 ad

198 1796 392 1821 cacumen
421 1785 486 1819 ῖιῑ
516 1797 555 1834 p.
587 1790 663 1829 est,
692 1784 867 1822 altitudo
896 1797 968 1834 per
996 1784 1194 1821 directum
1222 1784 1277 1821 ῑῦ.
1341 1790 1385 1822 at

395 1986 410 2000 ⁸
429 1980 459 2012 A
475 1979 670 2012 celebrated
685 1991 788 2022 grove
804 1979 986 2013 dedicated
1001 1984 1039 2012 to
1055 1979 1188 2022 Apollo.

204 2059 274 2096 280
