1515 2351
419 133 610 171 PLINY:
662 133 927 171 NATURAL
964 133 1202 171 HISTORY

219 238 395 288 aliquem
433 250 482 274 ex
520 239 673 273 arcanis
720 239 920 279 mitteret,
954 248 998 273 se
1035 238 1143 273 enim
1178 235 1230 273 ab
1265 234 1400 273 inferis

136 297 196 327 179
219 294 429 328 remissum
481 289 631 326 habere
683 302 786 339 quae
838 292 1057 326 nuntiaret.
1110 292 1219 326 misit
1268 289 1402 338 plures

134 723 197 753 180

137 1258 192 1287 181

219 345 431 393 Pompeius
451 357 500 380 ex
519 346 668 386 amicis,
687 343 828 393 quibus
848 342 1051 380 Gabienus
1069 342 1171 380 dixit
1188 341 1324 379 inferis
1341 341 1401 379 dis

219 398 378 448 placere
399 397 563 446 Pompei
581 410 718 433 causas
739 402 781 433 et
799 402 935 446 partes
955 399 1063 445 pias:
1096 395 1265 445 proinde
1284 408 1403 433 even-

220 458 307 488 tum
325 450 505 487 futurum
525 463 645 499 quem
662 455 846 499 optaret3
878 449 951 486 hoc
968 462 1011 486 se
1029 452 1214 486 nuntiare
1231 452 1402 492 iussum;

218 510 503 554 argumentum
534 503 619 540 fore
651 506 832 540 veritatis
864 502 971 553 quod
1001 505 1173 552 peractis
1203 502 1401 539 mandatis

218 561 399 607 protinus
422 560 695 606 exspiraturus
718 562 837 593 esset.
892 556 1011 606 idque
1034 559 1090 592 ita
1112 559 1258 593 evenit.
1313 562 1403 605 post

217 611 466 661 sepulturam
489 623 648 660 quoque
670 613 842 646 visorum
865 609 1050 659 exempla
1070 615 1179 653 sunt,
1200 612 1274 646 nisi
1296 609 1402 659 quod

218 671 386 701 naturae
403 677 540 713 opera,
557 677 635 700 non
652 663 848 713 prodigia,
863 669 1153 700 consectamur.

276 718 389 755 LIII.
425 718 472 754 In
518 720 655 767 primis
706 723 843 754 autem
899 716 1089 753 miraculo
1136 721 1231 753 sunt
1279 720 1403 766 atque

219 771 453 821 frequentes
470 771 483 794 ¹
504 776 655 807 mortes
674 773 910 820 repentinae
931 769 1021 819 (hoc
1042 776 1104 807 est
1123 782 1280 806 summa
1295 772 1401 806 vitae

218 825 404 874 felicitas)
414 837 510 875 quas
525 837 611 861 esse
625 823 827 860 naturales
840 823 1085 861 docebimus.
1114 823 1302 873 plurimas
1315 835 1404 873 pro-

219 878 321 916 didit
346 878 523 921 Verrius,
542 891 612 914 nos
638 891 729 914 cum
754 877 916 914 delectu
949 876 1112 913 modum
1144 876 1402 914 servabimus.

219 931 366 982 gaudio
399 932 536 968 obiere
569 937 733 980 praeter
766 929 989 974 Chilonem,
1022 930 1072 967 de
1107 943 1185 980 quo
1218 929 1404 974 diximus,

219 985 433 1035 Sophocles
455 991 497 1021 et
520 985 733 1034 Dionysius
754 984 910 1021 Siciliae
930 990 1139 1034 tyrannus,
1154 989 1326 1034 uterque
1342 997 1404 1020 ac-

218 1045 337 1088 cepto
360 1042 540 1088 tragicae
566 1041 756 1075 victoriae
781 1040 937 1081 nuntio,
961 1044 1092 1074 mater
1114 1037 1182 1074 illa
1205 1036 1402 1074 Cannensi

220 1092 301 1129 filio
327 1092 513 1129 incolumi
539 1094 667 1128 reviso
692 1097 832 1128 contra
858 1094 1042 1128 nuntium
1070 1090 1227 1135 falsum,
1252 1089 1404 1140 pudore

221 1146 418 1183 Diodorus
461 1148 683 1195 sapientiae
726 1144 960 1182 dialecticae
1003 1144 1218 1194 professor,
1260 1144 1405 1181 lusoria

219 1203 454 1246 quaestione
520 1212 599 1235 non
659 1201 839 1248 protinus
904 1197 955 1235 ad
1016 1200 1373 1247 interrogationem
1390 1196 1405 1220 ²

220 1252 408 1303 Stilponis
433 1252 636 1289 dissoluta.
690 1251 808 1288 nullis
831 1251 1081 1288 evidentibus
1102 1254 1228 1288 causis
1247 1251 1404 1288 obiere:

220 1309 314 1343 dum
343 1306 562 1343 calciantur
589 1308 802 1349 matutino,
830 1305 909 1342 duo
937 1304 1144 1346 Caesares,
1171 1310 1335 1354 praetor
1362 1309 1403 1341 et

219 1366 410 1409 praetura
445 1359 679 1409 perfunctus
716 1359 923 1396 dictatoris
960 1358 1140 1395 Caesaris
1175 1364 1307 1407 pater,
1342 1356 1404 1394 hic

221 1413 318 1450 Pisis
350 1416 617 1457 exanimatus,
645 1412 713 1449 ille
745 1412 909 1456 Romae,
940 1411 988 1458 Q.
1023 1412 1165 1448 Fabius
1200 1411 1403 1448 Maximus

219 1470 258 1503 in
285 1467 498 1505 consulatu
525 1481 596 1504 suo
623 1466 751 1516 pridie
779 1465 856 1502 kal.
879 1466 978 1510 Ian.‚
1000 1468 1039 1501 in
1065 1468 1174 1501 cuius
1201 1465 1332 1502 locum
1358 1463 1402 1501 C.

222 1520 383 1557 Rebilus
415 1523 742 1570 paucissimarum
774 1519 960 1556 horarum
991 1518 1241 1555 consulatum
1272 1520 1405 1568 petiit.

219 1577 317 1611 item
344 1574 387 1611 C.
416 1574 618 1610 Volcatius
645 1573 802 1623 Gurges
828 1578 1004 1615 senator,
1029 1585 1166 1609 omnes
1193 1571 1294 1608 adeo
1319 1573 1402 1608 sani

219 1634 342 1677 atquc
367 1630 596 1677 tempestivi
623 1633 667 1664 ut
692 1626 743 1663 de
764 1625 1057 1676 progrediendo
1076 1628 1325 1676 cogitarent3
1353 1624 1402 1671 Q.

220 1681 414 1718 Aemilius
433 1680 607 1730 Lepidus
625 1683 703 1716 iam
722 1679 931 1730 egrediens
949 1682 1103 1716 incusso
1120 1678 1262 1728 pollice
1280 1678 1402 1715 limini

447 1788 459 1808 ²
482 1787 651 1819 Rae-lebam
667 1800 673 1818 :
701 1787 896 1827 frequenter
908 1791 965 1818 aut
979 1786 1182 1827 frequentia.

445 1831 459 1851 ¹
487 1830 538 1862 VJ.
555 1832 599 1862 ab
616 1831 890 1871 interrogatione.

735 2003 749 2016 ⁸
773 2001 787 2038 ᾗ
815 1999 886 2030 119.

221 2060 294 2097 626
