1515 2351
171 559 212 591 81

173 934 215 965 82

176 1363 217 1394 83

444 130 635 169 PLINY:
687 131 953 169 NATURAL
990 131 1228 170 HISTORY

239 236 371 272 trione
399 237 440 271 in
462 233 672 271 meridiem
695 237 889 284 proiecta,
909 234 1028 285 longa
1051 247 1241 284 passuum
1265 241 1324 279 ἃ,
1347 235 1429 272 lata

241 291 390 325 maiore
419 300 470 325 ex
497 293 614 337 parte
643 294 678 332 L,
705 290 874 325 circuitu
902 294 1070 331 ffi;
1112 288 1229 326 abest
1257 301 1281 325 a
1308 288 1430 326 Vadis

241 341 512 378 Volaterranis
546 347 640 380 ffif.
675 344 859 379 civitates
892 340 1017 378 habet
1044 347 1157 380 'fix—11
1187 347 1229 379 et
1256 341 1430 380 colonias

244 394 471 431 Marianam
487 407 510 430 a
526 394 569 432 C.
589 394 721 431 Mario
740 394 974 439 deductam,
989 395 1169 432 Aleriam
1189 408 1212 432 a
1231 395 1430 433 dictatore

240 447 363 485 Sulla.
415 451 515 485 citra
532 454 594 485 est
611 447 777 498 Oglasa,
792 451 899 485 intra
915 461 1022 492 vero,
1039 454 1081 486 et
1098 455 1147 487 ᾗ
1160 461 1200 498 p.
1217 462 1241 486 a
1257 449 1432 494 Corsica,

241 501 426 538 Planasia
469 514 493 538 a
537 504 670 551 specie
715 501 838 546 dicta,
883 502 1062 552 aequalis
1106 501 1212 539 freto
1255 502 1430 553 ideoque

244 557 411 606 navigiis
445 554 582 592 fallax.
636 555 805 605 amplior
842 555 953 605 Urgo
991 561 1032 592 et
1069 554 1274 606 Capraria,
1310 569 1431 606 quam

241 608 386 646 Graeci
419 608 608 659 Aegilion
641 609 794 653 dixere,
828 611 928 646 item
964 608 1125 659 Igilium
1161 615 1204 646 et
1238 609 1430 646 Dianium

241 675 363 712 quam
389 662 664 706 Artemisiam,
690 662 834 699 ambae
859 668 1000 699 contra
1027 661 1227 700 Cosanum
1253 662 1362 707 litus,
1389 668 1431 700 et

241 715 440 765 Barpana,
475 715 673 759 Menaria,
705 715 974 760 Columbaria,
1005 715 1193 760 Venaria,
1226 716 1310 753 Ilva
1340 729 1430 753 cum

242 769 334 806 ferri
361 769 549 813 metallis,
573 772 761 806 circuitus
787 775 822 813 ὃ,
847 783 870 805 a
900 769 1120 819 Populonio
1151 776 1189 814 ῖς,
1215 783 1238 806 a
1268 769 1432 807 Graecis

241 821 431 859 Aethalia
454 822 584 866 dicta3
621 823 673 859 ab
696 836 745 859 ea
767 822 953 860 Planasia
973 829 1115 861 W.
1170 823 1222 860 ab
1244 821 1304 860 his
1327 823 1433 860 ultra

241 876 429 913 Tiberina
463 879 566 913 ostia
601 879 642 912 in
677 877 855 913 Antiano
890 876 1055 920 Astura,
1089 889 1183 913 mox
1219 876 1433 921 Palmaria,

243 929 419 974 Sinonia,
451 930 663 967 adversum
696 929 874 968 Formias
905 929 1086 967 Pontiae.
1140 933 1181 966 in
1210 929 1434 968 Puteolano

242 990 379 1020 autem
411 986 500 1020 sinu
532 983 791 1028 Pandateria,
822 982 1038 1034 Prochyta,
1069 996 1149 1020 non
1181 984 1232 1020 ab
1264 984 1431 1021 Aeneae

243 1039 398 1074 nutrice
427 1037 498 1074 sed
527 1040 621 1087 quia
649 1036 812 1087 profusa
840 1037 892 1074 ab
921 1037 1097 1074 Aenaria
1126 1043 1228 1082 erat,
1256 1037 1433 1075 Aenaria

243 1103 265 1126 a
294 1093 470 1127 statione
498 1093 659 1127 navium
689 1091 870 1134 Aeneae,
899 1090 1077 1128 Homero
1106 1090 1281 1128 Inarime
1309 1090 1434 1134 dicta,

243 1143 471 1188 Pithecusa,
504 1157 584 1181 non
622 1157 645 1180 a
681 1147 886 1182 simiarum
919 1144 1180 1182 multitudine
1217 1144 1280 1195 (ut
1310 1143 1433 1194 aliqui

243 1198 542 1247 existimavere)
563 1197 634 1235 sed
655 1211 678 1234 a
699 1198 844 1248 figlinis
864 1197 1075 1235 doliorum.
1128 1200 1236 1235 inter
1255 1197 1434 1248 Pausily-

242 1263 338 1300 pum
377 1257 418 1288 et
455 1251 667 1301 Neapolim
707 1250 901 1301 Megaris,
935 1264 1030 1288 mox
1067 1264 1090 1288 a
1126 1251 1320 1289 Surrento
1354 1256 1432 1290 ffi

243 1304 442 1341 distantes
489 1305 623 1342 Tiberi
672 1307 860 1355 principis
909 1318 999 1342 arce
1049 1305 1202 1342 nobiles
1251 1304 1434 1355 Capreae

244 1361 413 1395 circuitu
450 1370 490 1394 XI
529 1371 598 1402 m.,
638 1357 886 1403 Leucothea,
924 1364 1122 1409 extraque
1159 1364 1435 1409 conspectum,

243 1411 411 1462 pelagus
443 1411 623 1448 Africum
656 1415 877 1462 attingens,
909 1411 1091 1449 Sardinia
1122 1415 1253 1449 minus
1283 1417 1363 1451 Vffr
1394 1424 1433 1462 p.

245 1478 266 1501 a
285 1464 469 1502 Corsicae
488 1468 695 1509 extremis,
713 1469 936 1503 etiamnum
955 1468 1163 1516 angustias
1181 1478 1249 1503 eas
1266 1468 1435 1503 artanti-

244 1519 318 1555 bus
360 1519 496 1556 insulis
538 1522 670 1569 parvis
713 1532 816 1570 quae
859 1519 1137 1557 Cuniculariae
1180 1519 1436 1570 appellantur

293 1625 308 1639 ⁰
328 1621 401 1653 The
416 1621 569 1653 distance
582 1622 610 1652 is
625 1621 731 1662 really
745 1622 854 1653 about
868 1623 912 1654 90
927 1621 1033 1653 miles.

291 1662 303 1681 ⁶
327 1664 367 1695 In
380 1664 530 1700 Etruria,
543 1674 618 1695 now
629 1665 733 1697 Torre
746 1664 780 1696 di
793 1664 900 1696 Vada.

297 1711 308 1726 ⁶
331 1707 416 1739 Now
434 1708 647 1739 Ventotiene.

294 1749 309 1768 ⁴
331 1750 376 1782 Il.
398 1749 445 1783 ΙΙ.
464 1751 538 1786 783,
560 1749 671 1781 where
693 1749 851 1781 however
870 1750 930 1781 the
950 1760 1044 1781 more
1059 1749 1226 1792 probable
1246 1749 1388 1791 reading
1407 1751 1436 1782 is

251 1792 297 1824 εἶν
315 1792 631 1834 Ἀρίμοις-Αιίωα
648 1793 675 1824 is
695 1792 769 1824 said
787 1797 824 1823 to
844 1793 884 1824 be
904 1804 924 1823 a
947 1793 1104 1824 volcanic
1124 1793 1241 1834 region
1262 1794 1298 1825 in
1318 1793 1436 1826 Cilicia

251 1846 288 1866 or
309 1835 500 1867 elsewhere.
550 1835 655 1876 virgil
679 1835 746 1867 like
768 1836 880 1875 Pliny,
902 1836 985 1867 read
1006 1835 1208 1877 Εἶναρίμοις,
1229 1846 1267 1867 aa
1289 1835 1331 1868 he
1353 1835 1436 1868 calls

252 1878 310 1910 the
325 1878 436 1910 island
454 1879 616 1915 Inarime,
633 1879 719 1911 Aen.
738 1879 802 1911 IX.
823 1881 904 1916 716;
931 1880 960 1910 it
976 1880 1004 1910 is
1021 1878 1080 1911 the
1097 1879 1239 1911 modern
1255 1879 1381 1912 Ischia.

293 1926 304 1941 ‘
326 1921 363 1953 πί
404 1935 466 1954 κοι.

291 1964 306 1988 l
325 1922 431 2000 wig-gs.
447 1963 597 2005 πιθάκνη,
614 1974 634 1994 a
650 1965 714 2004 jar.

293 2012 306 2031 θ
328 2007 414 2039 Now
428 2007 541 2040 Castel
555 2006 609 2038 del
625 2007 711 2040 Ovo.

249 2069 297 2106 60
