1515 2351
97 397 154 428 135

380 123 569 160 PLINY:
622 121 886 159 NATURAL
924 119 1161 158 HISTORY

177 230 466 267 Massabatene
488 227 561 264 sub
586 233 723 264 monte
746 225 995 269 Cambalido,
1019 228 1086 275 qui
1109 230 1171 262 &st
1194 223 1361 262 Caucasi

175 324 322 355 ramus,
343 309 436 347 inde
457 308 689 361 mollissimo
709 309 882 344 transitu
902 309 943 343 in
963 305 1140 343 Bactros.

226 391 420 428 Susianen
444 390 494 426 ab
518 388 732 439 Elymaide
756 388 1011 425 disterminat
1037 389 1163 423 amnis
1189 385 1363 423 Eulaeus

176 478 285 510 ortus
322 474 361 508 in
394 470 528 507 Medis
554 469 791 519 modicoque
817 470 948 518 spatio
972 467 1155 505 cuniculo
1180 466 1364 504 conditus

176 566 221 590 ac
247 565 379 590 rursus
405 557 567 589 exortus
595 556 636 587 et
657 563 727 600 per
755 549 1073 586 Massabatenen
1091 548 1238 598 lapsus.
1292 550 1364 585 cir-

177 637 301 671 cumit
320 646 452 670 arcem
471 631 660 669 Susorum
678 644 724 668 ac
743 630 901 667 Dianae
920 629 1117 679 templum
1134 631 1366 680 augustissi-

179 728 287 752 mum
319 714 396 751 illis
429 713 632 764 gentibus,
665 717 707 749 et
739 714 824 761 ipse
857 713 896 747 in
930 723 1079 761 magna
1110 712 1367 754 caerimonia,

179 793 376 846 siquidem
390 807 505 845 reges
519 807 598 830 non
612 806 662 831 ex
675 792 752 830 alio
765 793 907 829 bibunt
923 797 964 829 et
978 791 1030 828 ob
1043 790 1084 828 id
1097 793 1137 828 in
1150 790 1367 842 longinqua

180 882 355 926 portant.
411 877 551 925 recipit
581 887 718 911 amnes
749 871 979 924 Hedyphon
1008 877 1170 922 praeter
1198 871 1367 922 Asylum

182 957 392 994 Persarum
427 959 672 999 venientem,
707 954 896 992 Adunam
931 966 980 991 ex
1015 952 1202 990 Susianis.
1257 955 1368 1003 oppi-

181 1042 276 1079 dum
293 1043 408 1078 iuxta
425 1053 516 1077 eum
537 1039 703 1090 B‘Iagoa,
719 1052 742 1075 a
758 1037 937 1076 Charace
954 1036 1003 1073 fir
1019 1050 1058 1087 p.
1072 1049 1082 1081 3
1115 1036 1279 1088 quidam
1294 1035 1368 1074 hoc

182 1129 221 1162 in
246 1131 430 1162 extrema
454 1123 621 1161 Susiane
647 1129 801 1173 ponunt
825 1121 1105 1160 solitudinibus
1129 1123 1368 1171 proximum.

106 1214 166 1245 136
186 1209 288 1246 infra
314 1208 512 1245 Eulaeum
540 1207 719 1258 Elymais
747 1213 808 1244 ἀεὶ
834 1209 875 1243 in
900 1219 969 1243 ora
995 1208 1130 1242 iuncta
1157 1204 1322 1249 Persidi,
1347 1217 1371 1241 a

183 1290 347 1327 flumine
380 1289 495 1327 Orati
528 1289 579 1326 ad
612 1288 833 1325 Characem
865 1285 959 1322 ff
989 1298 1052 1337 p.;
1101 1285 1250 1336 oppida
1287 1288 1371 1323 eius

184 1373 367 1411 Seleucia
393 1379 433 1411 et
460 1372 642 1410 Sostrate
668 1372 852 1422 adposita
878 1373 1004 1408 monti
1031 1369 1207 1407 Chasiro.
1261 1383 1371 1407 oram

186 1471 291 1509 quae
338 1460 545 1508 praeiacet
595 1456 798 1493 Minorum
845 1454 1022 1506 Syrtium
1069 1457 1154 1491 vice
1200 1453 1372 1491 diximus

187 1545 432 1579 inaccessam
451 1554 590 1585 coeno,
610 1539 823 1591 plurimum
849 1539 930 1576 limi
954 1537 1229 1576 deferentibus
1253 1535 1374 1574 Brixa

187 1632 229 1663 et
260 1625 426 1663 Ortacia
456 1625 654 1669 amnibus,
684 1623 875 1660 madente
907 1628 948 1660 et
978 1625 1063 1672 ipsa
1094 1619 1304 1672 Elymaide
1333 1624 1373 1658 in

187 1715 348 1747 tantum
377 1715 422 1746 ut
450 1708 581 1746 nullus
608 1710 660 1745 sit
687 1710 760 1744 nisi
786 1709 953 1744 circuitu
981 1709 1064 1744 eius
1091 1705 1143 1743 ad
1169 1704 1372 1743 Persidem

189 1793 336 1830 aditus.
394 1791 610 1829 infestatur
662 1797 704 1828 et
757 1789 1009 1840 serpentibus
1062 1802 1160 1840 quos
1213 1788 1372 1826 flumina

189 1877 420 1927 deportant.
476 1889 566 1926 pars
618 1878 702 1912 eius
752 1887 942 1912 maxume
991 1876 1096 1911 invia
1145 1872 1375 1911 Characene

191 1967 356 1999 vocatur
396 1960 446 1997 ab
487 1959 633 2009 oppido
674 1959 848 1995 Arabiae
887 1957 1102 1995 claudente
1142 1970 1265 2008 regna
1305 1967 1375 2000 (τας

190 2055 261 2088 440
