1515 2351
384 129 571 168 PLINY:
624 130 885 168 NATURAL
923 129 1155 167 HISTORY

119 240 157 270 12
181 235 379 285 Trapezus
400 234 567 271 liberum
591 239 727 271 monte
750 239 861 271 vasto
882 233 1069 271 clausum.
1124 233 1225 270 ultra
1249 233 1353 284 quod

183 312 281 348 gens
318 297 697 348 Armenochalybes,
735 303 777 334 et
815 297 945 334 Maior
981 299 1170 334 Armenia
1206 299 1279 334 xTx
1312 311 1351 348 p.

184 363 346 399 distans.
401 364 440 398 in
457 375 524 398 ora
545 368 638 399 ante
654 362 905 412 Trapezunta
926 361 1072 398 flumen
1094 367 1155 398 est
1177 359 1354 411 Pyxites,

186 426 287 463 ultra
328 439 420 463 vero
459 439 558 476 gens
598 425 818 462 Sannorum
860 424 1168 470 Heniochorum,
1208 424 1354 462 flumen

185 491 399 526 Absarrum
433 503 522 526 cum
556 489 719 526 castello
751 489 1004 540 cognomini²
1041 492 1079 525 in
1113 489 1304 534 saucibus,
1332 502 1355 525 a

183 555 432 604 Trapezunte
457 552 536 590 ΟἯ.
591 556 674 591 eius
697 554 770 591 loci
794 567 815 590 a
838 560 953 604 tergo
975 556 1169 590 montium
1193 553 1355 590 Hiberia

186 624 260 663 est,
282 621 321 654 in
345 632 411 655 ora
434 631 526 654 vero
550 617 758 662 Heniochi,
782 619 1042 668 Ampreutae,
1066 617 1173 662 Lazi,
1196 616 1356 654 flumina

186 684 452 733 Acampseon,
503 683 587 726 Isis,
640 682 817 733 Mogrus,
865 681 1030 732 Bathys,
1079 687 1222 732 gentes
1270 681 1355 718 Col-

184 747 360 791 chorum,
398 747 587 797 oppidum
629 746 815 789 Matium,
854 745 1000 783 flumen
1039 745 1277 783 Heracleum
1314 751 1356 783 et

185 813 501 862 promunturium
530 811 671 848 eodem
701 814 872 854 nomine,
899 810 1213 860 clarissimusque
1241 808 1356 847 Ponti

122 882 159 911 13
188 875 335 912 Phasis.
391 877 514 912 oritur
561 877 599 911 in
649 874 837 919 Moschis,
884 877 1093 924 navigatur
1139 874 1356 924 quamlibet

186 942 337 990 magnis
371 941 535 989 navigiis
566 952 711 976 xxxvm
746 951 770 975 ι)
795 953 849 989 p.‚
878 939 969 975 inde
999 938 1211 975 minoribus
1240 938 1356 989 longo

186 1007 328 1054 spatio,
350 1004 537 1054 pontibus
561 1003 632 1039 Exn-x
653 1006 820 1054 pervius.
876 1003 1021 1053 oppida
1043 1005 1082 1039 in
1104 1005 1196 1052 ripis
1218 1001 1357 1039 habuit

185 1068 386 1119 conplura,
403 1068 662 1105 celeberrima
679 1068 919 1118 Tyndarida,
937 1066 1157 1110 Circaeum,
1175 1066 1357 1117 Cygnum

187 1139 229 1170 et
245 1135 285 1169 in
303 1132 482 1169 faucibus
501 1131 659 1169 Phasim
674 1144 682 1175 ;
715 1134 887 1168 maxime
907 1137 1042 1168 autem
1060 1130 1240 1167 inclaruit
1258 1131 1357 1176 Aea,

187 1197 234 1234 fv
259 1211 297 1248 p.
326 1211 348 1233 a
374 1199 486 1240 mari,
507 1197 571 1233 ubi
598 1196 748 1247 Hippos
775 1202 816 1233 et
843 1196 1022 1246 Cyaneos
1049 1197 1148 1232 vasti
1174 1208 1309 1232 amnes
1335 1208 1356 1232 e

188 1261 341 1298 diverso
392 1263 430 1297 in
478 1275 567 1298 eum
615 1260 830 1297 confluunt.
887 1273 988 1296 nunc
1034 1258 1157 1296 habet
1202 1258 1357 1296 Surium

190 1332 361 1369 tantum,
394 1332 435 1363 et
467 1328 593 1376 ipsum
626 1325 675 1361 ab
708 1338 823 1361 amne
855 1324 1046 1361 influente
1078 1324 1130 1360 ibi
1160 1325 1357 1373 cognomi-

188 1396 327 1427 natum
355 1403 478 1440 usque
507 1403 584 1439 quo
613 1402 846 1439 magnarum
875 1391 1031 1425 navium
1058 1401 1244 1437 capacem
1272 1400 1356 1425 esse

187 1455 370 1491 diximus.
426 1460 467 1490 et
479 1454 574 1490 alios
587 1455 731 1503 accipit
744 1452 879 1489 fluvios
892 1452 1165 1503 magnitudine
1179 1465 1358 1488 numero-

188 1532 264 1568 que
303 1518 516 1562 mirabiles,
554 1520 658 1554 inter
695 1530 791 1567 quos
830 1516 1045 1559 Glaucum;
1096 1519 1134 1552 in
1171 1529 1237 1553 ore
1275 1518 1357 1553 eius

124 1588 162 1618 14
187 1581 311 1618 insula
333 1581 410 1618 cst²
434 1583 517 1617 sine
538 1583 710 1625 nominc,
731 1581 780 1618 ab
800 1581 972 1617 Absarro
999 1581 1083 1616 ffi.
1137 1580 1228 1617 inde
1253 1579 1358 1617 aliud

189 1645 335 1682 flumen
365 1645 547 1689 Charien,
575 1659 672 1695 gens
700 1645 847 1682 Saltiae
875 1646 1046 1694 antiquis
1075 1643 1357 1695 Phthirophagi

188 1710 284 1747 dicti
313 1715 355 1746 et
384 1709 459 1745 alia
488 1708 620 1753 Sanni,
651 1709 796 1746 flumen
827 1708 1006 1746 Chobum
1035 1722 1057 1744 e
1086 1708 1260 1745 Caucaso
1287 1721 1358 1759 per

188 1773 338 1810 Suanos
369 1772 507 1817 fluens,
536 1773 629 1810 dein
661 1773 812 1817 Rhoan,
842 1775 951 1823 regio
981 1772 1193 1822 Cegritice,
1222 1784 1357 1810 amnes

188 1837 361 1888 Sigania,
413 1836 596 1881 Thersos,
652 1836 880 1887 Astelphus,
935 1836 1206 1886 Chrysorroas,
1258 1849 1358 1887 gens

458 1939 468 1958 ¹
493 1940 707 1978 cognomini?
740 1938 910 1979 Mayhoff:
942 1939 1148 1978 cognomine.

455 1981 468 2000 ¹
493 1981 665 2021 Mayhoff:
697 1981 834 2012 insulae.

187 2045 258 2091 346
