1515 2351
385 103 576 140 PLINY:
628 104 895 142 NATURAL
932 105 1171 143 HISTORY

180 208 300 252 mela,
333 211 431 245 item
465 207 570 245 Suae
602 211 643 244 in
674 209 851 258 rupibus.
906 223 1026 259 supra
1055 209 1195 247 Silicas
1225 209 1373 255 Sitrae,

180 293 252 331 per
289 294 386 331 quos
427 280 557 330 Lycus
596 293 646 318 ex
684 281 876 318 Armenia
915 281 1058 327 fertur,
1087 283 1138 319 ab
1172 281 1285 320 Sitris
1319 283 1370 321 ad

180 352 391 391 hibernum
423 359 609 390 exortum
637 353 807 391 Azochis
836 354 1043 404 oppidum,
1071 367 1164 392 mox
1195 358 1236 392 in
1264 369 1368 393 cam-

180 426 380 476 pestribus
409 426 557 475 oppida
587 426 685 463 Dios
715 426 838 477 Pege,
868 426 1082 478 Polytelia,
1103 427 1370 471 Stratonicea,

102 503 163 533 119
183 497 423 536 Anthemus.
479 501 519 535 in
545 501 687 536 vicinia
714 498 930 549 Euphratis
956 499 1237 550 Nicephorion,
1264 500 1370 551 quod

180 572 376 615 diximus;
416 571 650 609 Alexander
671 575 785 609 iussit
806 572 922 609 condi
946 578 1111 623 propter
1133 573 1207 610 loci
1229 586 1371 623 oppor-

180 648 416 682 tunitatem.
472 644 581 681 dicta
625 650 687 682 est-
731 650 773 682 et
816 647 856 682 in
899 645 1124 696 Zeugmate
1167 646 1372 695 Apamea;

182 731 231 754 ex
252 731 330 767 qua
350 720 547 754 orientem
569 724 757 766 petentes
778 720 925 767 excipit
947 718 1138 768 oppidum
1159 717 1371 768 Caphrena

180 793 396 834 munitum,
431 790 634 840 quondam
668 790 890 827 stadiorum
925 803 995 827 Lxx
1029 791 1296 840 amplitudine
1330 797 1372 828 et

181 861 442 913 Satraparum
487 863 614 913 Regia
656 863 908 913 appellatum
952 876 1030 914 quo
1075 864 1228 901 tributa
1281 877 1372 901 con-

104 940 164 970 120
184 935 433 978 serebantur,
470 949 572 972 nunc
611 939 652 972 in
690 949 821 973 arcem
863 936 1084 973 redactum.
1139 936 1287 974 durant
1329 943 1372 974 ut

107 1597 161 1627 121

182 1009 294 1046 fuere
330 1008 513 1045 Thebata
551 1014 591 1045 et
629 1009 753 1045 ductu
790 1008 955 1058 Pompei
1002 1009 1143 1059 Magni
1178 1012 1374 1046 terminus

184 1081 352 1118 Romani
394 1084 534 1128 imperi
575 1080 737 1126 Oruros,
775 1094 799 1118 a
844 1082 1068 1131 Zeugmate
1118 1081 1217 1119 Ἦ]
1281 1088 1375 1120 sunt

184 1158 250 1204 qui
297 1154 465 1191 tradunt
513 1153 751 1204 Euphraten
797 1154 966 1191 Gobaris
1012 1154 1207 1205 praefecti
1252 1168 1373 1205 opere

183 1227 390 1264 diductum
412 1240 499 1264 esse
521 1228 584 1263 ubi
603 1227 617 1250 ²
636 1227 809 1264 diximus
830 1227 940 1270 findi,
959 1240 1011 1264 ne
1029 1230 1237 1277 praecipiti
1257 1241 1374 1265 cursu

184 1299 447 1351 Babyloniam
487 1299 713 1344 infestaret,
752 1300 802 1336 ab
841 1301 1013 1350 Assyriis
1052 1314 1144 1337 vero
1183 1303 1374 1337 universis

183 1373 434 1423 appellatum
486 1372 769 1416 Narmalchan,
819 1373 925 1423 quod
973 1373 1169 1422 significat
1220 1376 1373 1423 regium

184 1446 345 1483 flumen.
402 1459 481 1496 qua
528 1446 722 1482 dirivatur
770 1446 961 1495 oppidum
1006 1445 1083 1482 fuit
1132 1446 1304 1496 Agranis
1352 1458 1376 1482 e

184 1521 368 1556 maximis
390 1518 496 1569 quod
517 1519 677 1556 diruere
699 1517 857 1555 Persae.

239 1591 420 1642 Babylon
433 1591 740 1628 Chaldaicarum
758 1595 939 1641 gentium
956 1597 1078 1641 caput
1094 1591 1161 1628 diu
1178 1604 1374 1629 summam

184 1665 411 1702 claritatem
439 1667 544 1701 inter
567 1664 684 1701 urbes
707 1664 881 1701 obtinuit
906 1667 945 1701 in
966 1670 1055 1701 toto
1077 1664 1187 1708 orbe,
1210 1669 1375 1714 propter

185 1751 306 1788 quam
363 1737 516 1788 reliqua
573 1750 664 1787 pars
723 1736 1048 1786 Mesopotamiae
1104 1737 1374 1787 Assyriaeque

186 1810 408 1860 Babylonia
437 1809 643 1859 appellata
673 1815 747 1853 est,
777 1811 822 1846 ffi’
861 1822 898 1859 p.
929 1809 1117 1859 amplexa
1156 1807 1215 1845 11³
1255 1811 1375 1846 muris

242 1920 253 1940 ¹
275 1919 352 1952 Leo
370 1919 524 1951 Mueller.
745 1920 757 1938 ²
783 1919 947 1950 Mueller:
977 1919 1157 1951 diductum
1175 1919 1233 1950 ubi
1248 1928 1332 1950 osse.

614 1962 626 1980 ³
650 1970 677 1993 11
694 1961 770 1993 add.
792 1962 952 2003 Mayhoff.

187 2035 257 2077 428
