1515 2351
411 127 602 166 PLINY:
653 127 919 165 NATURAL
956 127 1195 165 HISTORY

207 233 301 270 inde
341 243 441 268 nm
482 234 804 282 promunturium
843 231 1038 282 Trapeza,
1076 232 1185 270 unde
1224 234 1395 282 primum

206 297 384 331 concitat
412 307 454 331 se
482 293 784 343 Hellespontus.
840 307 889 331 ex
917 294 1014 330 Asia
1042 295 1226 331 interisse
1252 299 1396 344 gentes

204 356 329 392 tradit
386 354 677 393 Eratosthenes
733 354 1000 406 Solymorum,
1057 354 1268 406 Lelegum,
1323 355 1396 393 Be-

206 417 388 468 brycum,
445 416 786 467 Colycantiorum,
848 416 1154 467 Tripsedorum3
1224 416 1396 454 Isidorus

208 479 401 516 Arieneos
437 484 479 516 et
514 478 736 528 Capreatas
772 478 839 515 ubi
873 481 925 516 sit
959 478 1145 528 Apamea
1178 478 1340 516 condita
1374 492 1397 516 a

207 540 374 578 Seleuco
405 553 515 591 rege,
547 542 652 577 inter
683 540 877 584 Ciliciam,
908 539 1222 590 Cappadociam,
1253 540 1398 578 Catao-

208 605 331 647 niam,
369 603 604 640 Armeniam
643 608 700 646 et,
733 605 923 653 quoniam
957 602 1220 640 ferocissimas
1253 608 1397 653 gentes

207 665 442 709 domuisset,
462 667 576 701 initio
598 665 755 702 Damea
775 663 950 701 vocata.¹

125 732 185 763 128
259 727 446 764 XXXIV.
478 727 703 764 Insularum
749 733 846 764 ante
892 727 1030 764 Asiam
1076 729 1205 777 prima
1250 733 1312 765 est
1358 730 1397 765 in

207 790 408 839 Canopico
431 792 533 826 ostio
558 789 650 834 Nili,
673 803 695 826 a
719 789 884 839 Canopo
909 789 1090 827 Menelai
1111 789 1398 840 gubernatore,

207 857 252 889 ut
281 851 431 896 ferunt,
460 851 581 888 dicta,
635 851 764 888 altera
794 853 930 888 iuncta
958 857 1083 901 ponte
1111 851 1398 896 Alexandriae,

206 913 361 951 colonia
398 913 579 950 Caesaris
617 913 839 957 dictatoris,
876 912 1040 957 Pharos,
1077 913 1282 964 quondam
1318 913 1397 951 diei

207 977 469 1026 navigatione
482 975 637 1012 distans
649 975 700 1012 ab
712 975 920 1026 Aegypto,
931 988 1036 1012 nunc
1048 988 1071 1011 a
1082 978 1183 1012 turri
1195 978 1398 1012 nocturnis

208 1037 365 1087 ignibus
394 1050 553 1074 cursum
582 1039 743 1073 navium
773 1049 940 1087 regens;
983 1050 1160 1087 namque
1187 1036 1398 1074 fallacibus

207 1099 317 1136 vadis
344 1098 592 1136 Alexandria
617 1099 745 1136 tribus
771 1101 933 1135 omnino
959 1098 1093 1136 aditur
1117 1098 1239 1136 alveis
1264 1101 1398 1143 maris,

207 1160 400 1212 Stegano,
423 1160 608 1205 Posidco,
629 1160 773 1198 Tauro.
829 1162 869 1197 in
893 1159 1107 1197 Phoenicio
1129 1160 1278 1197 deinde
1298 1163 1398 1198 mari

209 1229 270 1260 est
290 1228 387 1260 ante
408 1223 535 1272 Iopen
554 1222 684 1267 Paria,
702 1227 792 1259 tota
811 1222 1021 1272 oppidum,
1041 1225 1080 1259 in
1100 1235 1179 1272 qua
1198 1222 1398 1260 obiectam

206 1284 352 1322 beluae
383 1284 687 1322 Andromedam
719 1283 870 1328 serunt,
902 1290 944 1321 et
975 1287 1056 1321 iam
1088 1284 1197 1321 dicta
1228 1283 1399 1328 Arados,

208 1349 313 1385 inter
342 1360 462 1398 quam
498 1353 541 1384 et,
568 1349 846 1384 continentem
879 1358 901 1382 L
927 1347 1064 1384 cubita
1093 1346 1177 1383 alto
1211 1349 1325 1391 mari,
1353 1352 1399 1383 ut

208 1415 348 1446 auctor
371 1415 433 1446 est
458 1408 687 1453 Mucianus,
710 1421 732 1445 e
755 1408 868 1446 sonte
889 1408 1014 1445 dulcis
1037 1421 1143 1458 aqua
1163 1408 1264 1446 tubo
1285 1410 1398 1445 coriis

207 1471 316 1508 facta
335 1484 462 1521 usque
481 1484 504 1507 a
522 1471 625 1508 vado
642 1469 830 1508 trahitur.

124 1538 186 1570 129
259 1533 425 1571 XXXV.
455 1532 738 1584 Pamphylium
758 1546 870 1570 mare
889 1533 1072 1584 ignobilis
1093 1532 1241 1570 insulas
1260 1531 1399 1577 habet,

209 1595 389 1633 Cilicium
429 1609 479 1633 ex
519 1598 698 1647 quinque
736 1597 920 1632 maximis
960 1595 1137 1646 Cyprum
1176 1595 1227 1632 ad
1266 1600 1398 1633 ortum

208 1671 475 1709 occasumque
506 1658 669 1696 Ciliciae
699 1671 745 1694 ac
777 1656 916 1708 Syriae
947 1657 1163 1702 obiectam,
1195 1657 1398 1708 quondam

209 1733 352 1758 novem
395 1734 610 1771 regnorum
652 1719 804 1757 sedem.
859 1718 975 1757 huius
1017 1721 1227 1756 circuitum
1268 1720 1302 1757 T
1303 1722 1399 1757 imo-

208 1781 372 1820 sthenes
409 1794 608 1818 ccccxxvu
645 1794 671 1819 D
706 1795 744 1832 p.
782 1781 972 1832 prodidit,
1010 1781 1183 1819 Isidorus
1219 1780 1397 1818 ffix—w.

510 1866 522 1885 ¹
547 1865 738 1898 Rackham:
765 1866 932 1898 Dameam
952 1869 1124 1897 vocatam.

565 1999 580 2014 ‘¹
603 1995 705 2027 From
723 1995 781 2027 the
798 1995 906 2028 Greek
924 1994 1070 2035 δαμάζω.

211 2060 283 2107 316
