1515 2351
146 611 205 642 102

147 1083 207 1115 103

148 1556 209 1587 104

429 147 517 186 PLI
524 149 596 186 NY
611 161 621 187 ι
672 149 708 186 N
711 149 939 187 ATURAL
976 148 1214 188 HISTORY

229 255 314 290 eius
334 254 550 303 praecipue
571 255 738 289 miratus
759 258 925 303 propter
945 265 1013 290 eos
1033 259 1196 290 sextum
1215 253 1416 292 decimum

227 311 374 349 adiecit
397 311 595 348 annalem.
652 311 697 348 L.
722 310 871 348 Siccius
895 311 1114 357 Dentatus,
1138 314 1206 362 qui
1228 313 1416 351 tribunus

229 370 361 420 plebei
387 369 464 407 fuit
485 369 552 420 Sp.
573 370 744 421 Tarpeio
766 371 815 407 A.
838 371 1008 408 Aternio
1028 383 1127 408 coss.
1152 370 1263 409 haud
1287 372 1417 410 multo

228 435 319 479 post
336 434 499 466 exactos
517 441 647 480 reges,
664 429 727 466 vel
744 431 1067 466 numerosissima
1084 429 1272 481 suffragia
1288 430 1417 469 habet

227 490 408 525 centiens
435 490 583 525 viciens
611 488 843 538 proeliatus,
870 491 1023 526 octiens
1052 501 1102 526 ex
1130 492 1416 539 provocatione

228 549 366 592 victor,
412 546 682 615 quadraginta
727 549 905 597 quinque
950 548 1202 586 cicatricibus
1250 548 1417 587 adverso

228 619 392 657 corpore
420 608 598 657 insignis,
627 605 736 643 nulla
762 608 804 643 in
832 611 961 657 tergo.
1015 606 1124 644 idern
1152 607 1278 657 spolia
1306 610 1417 659 cepit

228 678 362 710 xxxw,
397 665 570 702 donatus
606 664 731 702 hastis
767 667 876 716 puris
912 664 1204 716 duodeviginti,
1239 665 1415 716 phaleris

228 727 369 775 viginti
419 727 611 775 quinque,
661 725 870 774 torquibus
919 725 1048 761 tribus
1099 731 1143 762 et
1191 728 1416 776 octoginta,

229 783 390 820 armillis
418 795 502 827 cmc,
529 786 683 820 coronis
711 796 804 820 xxvi
836 783 893 833 (in
921 785 968 820 iis
1006 785 1139 821 civicis
1176 797 1260 829 xw,
1289 787 1419 823 aureis

229 848 334 887 octo,
389 842 608 879 muralibus
664 843 806 887 tribus,
861 841 1096 879 obsidionali
1154 843 1264 893 una),
1322 843 1417 882 fisco

231 903 346 946 aeris,
368 914 392 938 x
415 903 583 951 captivis
608 906 650 938 et
676 903 818 952 viginti
845 900 962 938 simul
988 901 1134 946 bubus,
1155 903 1420 953 imperatores

230 973 374 998 novem
402 962 525 1010 ipsius
555 962 730 997 maxime
761 973 883 1009 opera
912 959 1210 1010 triumphantes
1241 967 1419 1007 secutus,

230 1025 441 1069 praeterea
477 1019 601 1070 (quod
638 1025 850 1069 optumum
886 1021 926 1055 in
963 1020 1150 1070 operibus
1187 1022 1272 1058 eius
1309 1021 1419 1071 reor)

232 1091 311 1115 uno
333 1091 382 1116 ex
404 1078 571 1115 ducibus
591 1077 636 1115 T.
659 1078 829 1115 Romilio
850 1090 900 1115 ex
922 1077 1132 1115 consulatu
1153 1078 1204 1116 ad
1225 1079 1419 1130 populum

229 1140 410 1175 convicto
454 1137 558 1175 male
602 1139 680 1174 acti
728 1139 897 1187 imperii.
951 1139 1009 1174 rei
1060 1137 1241 1175 militaris
1259 1138 1274 1162 1
1319 1137 1420 1176 haut

230 1199 382 1234 minora
412 1195 546 1234 forent
576 1195 788 1246 Capitolini
820 1195 979 1241 decora,
1009 1198 1049 1233 m'
1079 1196 1325 1247 perdidisset
1354 1197 1421 1235 illa

231 1258 343 1293 exitu
384 1258 503 1292 vitae.
559 1261 654 1292 ante
695 1255 838 1292 decem
878 1260 922 1292 et
961 1261 1120 1306 septem
1159 1268 1285 1293 annos
1325 1257 1420 1294 bina

230 1320 395 1365 ceperat
437 1314 584 1365 spolia;
640 1317 791 1365 primus
835 1316 1012 1351 omnium
1056 1327 1181 1365 eques
1223 1315 1420 1354 muralem

232 1379 445 1424 acceperat
502 1386 703 1418 coronam,
758 1386 829 1410 sex
884 1375 1041 1418 civicas,
1097 1386 1233 1412 xxxvu
1291 1374 1421 1419 dona;

231 1446 332 1470 xxlll
387 1434 592 1470 cicatrices
647 1432 814 1469 adverso
866 1445 1030 1483 corpore
1078 1438 1319 1483 exceperat3
1375 1432 1419 1471 P.

232 1491 440 1529 Servilium
469 1493 707 1542 magistrum
737 1493 920 1541 equitum
949 1497 1193 1536 servaverat,
1222 1493 1307 1542 ipse
1337 1491 1420 1529 vul-

234 1556 397 1588 neratus
430 1563 628 1595 umerum,
661 1549 812 1594 femur3
859 1563 979 1600 super
1010 1552 1144 1587 omnia
1176 1550 1419 1601 Capitolium

231 1622 509 1660 summamque
536 1622 621 1647 rem
646 1611 687 1646 in
713 1622 761 1646 eo
786 1608 892 1646 solus
918 1622 941 1646 a
968 1609 1091 1645 Gallis
1117 1615 1362 1655 servaverat,
1387 1612 1419 1648 si

234 1682 312 1705 non
333 1681 458 1719 regno
479 1681 550 1705 suo
572 1673 781 1705 servasset.

518 1746 530 1765 ¹
561 1745 621 1778 VJ.
639 1745 727 1776 malo
743 1746 931 1786 imperatae
947 1746 994 1777 rei
1011 1745 1178 1777 militaris.

275 1846 377 1876 ·454
395 1853 427 1875 13.
430 1853 461 1876 c.

280 1888 291 1907 δ
314 1888 343 1918 A
375 1897 475 1928 spear
506 1886 656 1918 without
685 1897 705 1918 a
738 1885 827 1918 head
853 1897 924 1918 was
951 1885 1128 1918 bestowed
1155 1896 1193 1918 as
1219 1896 1240 1918 a
1266 1886 1420 1929 military

232 1930 443 1968 decoration,
460 1929 647 1971 especially
664 1929 718 1960 for
732 1929 855 1970 saving
871 1929 931 1960 the
949 1928 1006 1960 life
1022 1928 1063 1960 of
1075 1940 1095 1960 a
1111 1928 1376 1962 fellow-citizen.

282 1974 360 2005 ιΜ.
378 1973 545 2010 Manlium
569 1973 611 2005 he
625 1983 653 2003 w
656 1983 693 2004 as
705 1972 822 2013 finally
834 1972 1015 2014 suspected
1028 1973 1067 2004 of
1078 1973 1228 2014 aspiring
1239 1975 1278 2005 to
1293 1977 1420 2005 restore

233 2015 292 2048 the
308 2016 507 2057 monarchy,
525 2016 593 2048 and
609 2026 678 2047 was
694 2015 788 2057 flung
800 2016 888 2048 from
901 2016 961 2047 the
973 2015 1142 2057 Tarpeiam
1155 2015 1263 2054 Rock,
1275 2017 1341 2049 384
1352 2024 1419 2048 B.o.

239 2088 307 2125 572
