1515 2351
130 328 172 359 32

131 908 172 939 33

131 1424 172 1455 34

133 1810 173 1840 35

402 90 569 128 PLINY
583 105 592 129 ι
644 91 908 129 NATURAL
944 90 1181 129 HISTORY

196 201 402 246 portatum
434 195 594 232 abdicat
626 194 815 245 poenales
847 208 969 245 aquas
1003 195 1190 244 Ditisque
1221 196 1379 245 genitas

197 262 399 308 argenteis
419 262 496 296 suis
516 262 671 296 misceri
691 272 887 296 recusans.

254 324 322 360 lx.
351 323 578 360 Thessaliae
613 323 770 360 adnexa
807 323 1018 373 Magnesia
1051 328 1126 367 est,
1154 325 1263 360 cuius
1293 322 1379 359 fons

196 387 401 432 Libethra,
413 388 560 438 oppida
574 387 715 432 Iolcus,
730 387 979 432 Ormenium,
992 386 1155 438 Pyrrha,
1170 385 1380 430 Methone,

198 452 351 496 Olizon,
403 455 722 503 promunturium
785 451 935 502 Sepias,
988 451 1135 502 oppida
1193 450 1379 495 Castana,

197 515 420 566 Spalathra,
432 519 752 566 promunturium
764 517 996 560 Aeantium,
1006 515 1154 566 oppida
1165 514 1380 558 Meliboea,

199 580 356 625 Rhizus,
386 581 600 631 Erymnae,
629 583 774 618 ostium
806 579 930 624 Penii,
958 579 1106 630 oppida
1135 578 1380 624 Homolium,

199 644 342 689 Orthe,
357 645 518 689 Iresiae,
532 643 710 689 Pelinna,
722 644 978 689 Thaumacie‚
996 643 1166 695 Gyrton,
1182 643 1380 688 Crannon,

198 709 398 754 Acharne,
415 710 580 754 Dotion,
601 709 758 754 Melite,
777 708 963 759 Phylace,
982 707 1159 746 Potniae.

250 775 374 824 Epiri,
403 773 593 819 Achaiae,
623 775 800 818 Atticae,
829 773 1057 811 Thessaliae
1086 775 1126 810 in
1154 779 1380 824 porrectum

196 838 405 888 longitudo
423 845 561 877 δόᾱῖῆ
577 838 762 883 traditur,
780 838 952 875 latitudo
970 852 1099 876 ccmc.

252 903 301 940 X.
333 902 573 940 Macedonia
587 909 728 954 postea
741 915 786 939 ει,
799 903 1049 953 populorum,
1064 902 1218 939 duobus
1232 901 1382 939 incluta

197 968 357 1018 regibus
402 967 684 1018 quondamque
728 973 925 1004 terrarum
970 969 1151 1018 imperio,
1195 965 1382 1004 Emathia

198 1038 319 1069 antea
361 1031 483 1069 dicta.
538 1031 636 1069 haec
679 1032 730 1069 ad
768 1032 992 1082 Epiroticas
1031 1037 1176 1082 gentes
1213 1033 1254 1068 in
1290 1030 1381 1068 solis

197 1110 379 1134 occasum
429 1097 621 1134 recedens
671 1102 761 1147 post
810 1102 925 1147 terga
976 1095 1210 1146 Magnesiae
1258 1101 1381 1146 atque

197 1160 424 1199 Thessaliae
475 1161 688 1198 infestatur
736 1174 760 1198 a
811 1161 1010 1198 Dardanis
1034 1174 1042 1197 :
1093 1166 1248 1210 partem
1298 1162 1381 1197 eius

198 1225 557 1276 septentrionalem
590 1224 763 1262 Paeonia
793 1238 838 1262 ac
870 1224 1084 1276 Pelagonia
1111 1230 1330 1275 protegunt
1359 1237 1382 1261 a

197 1289 388 1327 Triballis.
444 1290 591 1341 oppida
612 1290 780 1340 Aegiae,
803 1292 841 1326 in
866 1303 944 1340 quo
965 1289 1124 1340 sepeliri
1147 1302 1230 1326 mos
1253 1301 1381 1340 reges,

197 1354 363 1399 Beroea,
405 1360 448 1392 et
489 1357 528 1391 in
571 1357 734 1405 regione
777 1367 879 1404 quae
924 1352 1053 1391 Pieria
1095 1352 1318 1404 appellatur
1359 1366 1382 1390 a

201 1432 363 1456 nemore
382 1420 611 1470 Aeginium.
667 1421 708 1455 in
730 1432 799 1456 ora
824 1418 1034 1461 Heraclea,
1060 1417 1207 1454 flumen
1231 1417 1381 1468 Apilas,

198 1483 344 1534 oppida
394 1482 548 1534 Pydna,
597 1483 751 1527 Oloros,
800 1485 926 1520 amnis
976 1482 1221 1520 Haliacmon.
1276 1484 1381 1519 intus

198 1547 391 1592 Aloritae,
431 1547 596 1591 Vallaei,
639 1546 865 1597 Phylacaei,
906 1547 1133 1598 Cyrrestae,
1171 1546 1381 1597 Tyrissaei,

199 1611 307 1649 Pella
342 1612 508 1656 colonia,
545 1612 735 1663 oppidum
772 1611 884 1649 Stobi
920 1614 1063 1648 civium
1101 1611 1380 1648 Romanorum.

198 1691 288 1714 mox
314 1677 556 1728 Antigonea,
577 1677 758 1727 Europus
781 1675 832 1713 ad
856 1676 1004 1713 Axium
1027 1689 1202 1720 amnem,
1221 1675 1382 1712 eodem-

199 1754 276 1791 que
293 1743 451 1778 nomine
467 1754 538 1791 per
553 1740 659 1791 quod
676 1739 875 1777 Rhoedias
892 1739 991 1784 fluit,
1007 1739 1170 1790 Scydra,
1187 1739 1380 1783 Eordaea,

204 1805 350 1851 Mieza,
398 1805 638 1856 Gordyniae.
693 1817 785 1841 mox
833 1807 872 1841 in
919 1817 987 1841 ora
1035 1803 1195 1849 Ichnae,
1242 1802 1381 1840 fluvius

562 1956 577 1972 ⁸
601 1951 712 1994 Philip
729 1951 796 1983 and
815 1950 1016 1984 Alexander.

205 2037 270 2070 142
