1515 2351
155 1547 172 1577 7

405 102 570 141 PLINY
585 117 595 141 ε
644 103 909 141 NATURAL
944 102 1181 141 HISTORY

200 220 386 257 aequam,
417 210 457 244 in
489 207 588 245 duas
619 213 756 257 partes
788 207 839 243 ab
871 219 990 243 amne
1021 206 1147 243 Tanai
1178 206 1230 244 ad
1261 206 1384 244 Gadi-

200 266 341 298 tanum
388 260 537 298 fretum
584 263 766 298 universo
808 261 904 296 orbe
947 259 1085 296 dixiso.
1152 272 1325 297 oceanus
1361 273 1385 297 a

201 327 279 364 quo
313 314 466 351 dictum
502 320 564 350 est
595 316 725 364 spatio
756 314 1007 350 Atlanticum
1033 325 1143 350 mare
1170 312 1384 350 infundens

201 373 244 404 et
276 367 392 404 avido
425 373 562 404 meatu
595 373 723 404 terras
756 379 1019 417 quaecunque
1052 368 1285 403 venientem
1317 379 1385 404 ex-

200 433 347 471 pavere
384 421 624 470 demergens
659 422 883 457 resistentis
916 432 1076 469 quoque
1111 418 1289 457 flexuoso
1321 419 1385 457 lit-

201 487 313 511 orum
327 473 510 511 anfractu
523 474 677 518 lambit,
688 474 892 523 Europam
903 473 964 510 vel
977 475 1151 510 maxime
1164 473 1386 510 recessibus

200 528 349 564 crebris
377 541 588 571 excavans,
615 527 686 564 sed
714 529 753 563 in
782 532 975 576 quattuor
1000 529 1236 576 praecipuos
1263 529 1385 570 sinus,

202 594 370 630 quorum
388 583 538 631 primus
557 594 579 617 a
598 581 721 630 Calpe
741 580 960 630 Hispaniae
979 582 1133 616 extimo
1150 580 1213 629 (ut
1230 579 1385 617 dictum

203 634 280 683 est)
308 640 446 671 monte
476 634 636 678 Locros,
664 634 868 671 Bruttium
895 646 1021 683 usque
1049 636 1386 683 promunturium,

203 690 383 724 inmenso
401 688 555 724 ambitu
574 687 761 724 flectitur.

252 741 297 777 In
319 754 366 778 eo
387 744 515 791 prima
535 741 729 791 Hispania
748 746 947 777 terrarum
968 745 1030 777 est
1051 739 1231 777 Ulterior
1249 739 1386 790 appel·v

202 794 297 839 lata,
320 794 463 831 eadem
486 794 666 839 Baetica,
688 807 781 831 mox
805 807 828 830 a
851 793 929 830 fine
955 792 1191 843 Murgitano
1214 793 1387 830 Citerior

203 847 427 899 eademque
443 848 749 884 Tarraconensis
766 847 816 885 ad
833 846 1031 898 Pyrenaei
1046 849 1152 897 iuga.
1209 846 1388 884 Ulterior

201 903 241 938 in
264 901 362 938 duas
385 914 458 952 per
479 901 775 952 longitudinem
796 902 1018 951 provincias
1041 900 1246 944 dividitur,
1267 902 1387 950 siqui—

202 955 295 992 dem
342 954 531 992 Baeticae
579 955 705 992 latere
753 953 1060 1004 septentrionali
1106 953 1388 1004 praetenditur

205 1008 413 1045 Lusitania
441 1022 558 1045 amne
581 1010 670 1045 Ana
694 1008 879 1044 discreta.
933 1013 1044 1044 ortus
1065 1005 1128 1044 hic
1148 1009 1190 1044 in
1211 1006 1386 1044 Lamini-

203 1067 298 1099 tano
319 1075 415 1112 agro
436 1061 641 1099 Citerioris
663 1062 880 1111 Hispaniae
905 1067 947 1098 et
970 1060 1091 1097 modo
1112 1063 1154 1097 in
1177 1066 1322 1111 stagna.
1343 1073 1387 1098 se

202 1115 375 1153 fundens
402 1115 523 1152 modo
549 1118 590 1152 in
617 1117 823 1165 angustias
851 1115 1062 1151 resorbens
1089 1119 1160 1152 aut
1186 1116 1227 1151 in
1253 1119 1387 1152 totum

202 1168 392 1206 cuniculis
408 1169 585 1206 condens
602 1175 644 1205 et
660 1170 818 1218 saepius
834 1170 943 1204 nasci
958 1167 1140 1218 gaudens
1155 1169 1195 1204 in
1212 1167 1388 1205 Atlanti-

202 1235 292 1260 cum
318 1235 513 1259 oceanum
539 1221 768 1259 effunditur.
823 1221 1131 1258 Tarraconensis
1156 1226 1294 1258 autem
1319 1221 1389 1259 ad-

203 1275 282 1312 fixa
316 1274 524 1326 Pyrenaeo
557 1281 726 1325 totoque
761 1277 845 1312 eius
879 1287 902 1311 a
934 1274 1063 1312 latere
1095 1274 1312 1312 decurrens
1345 1280 1387 1312 et

202 1329 318 1366 simul
345 1329 396 1366 ad
423 1329 619 1366 Gallicum
647 1342 842 1366 oceanum
870 1328 1060 1365 Hiberico
1085 1341 1110 1364 a
1135 1330 1234 1364 mari
1260 1333 1390 1366 trans-

203 1395 316 1420 versa
349 1396 391 1420 se
426 1383 606 1433 pandens
640 1382 790 1419 Solorio
817 1387 955 1419 monte
990 1387 1033 1419 et
1066 1382 1255 1419 Oretanis
1285 1384 1388 1432 iugis

203 1436 548 1486 Carpentanisque
566 1442 608 1473 et
624 1436 818 1473 Asturum
834 1448 857 1471 a
868 1435 1032 1472 Baetica
1043 1441 1166 1485 atque
1181 1434 1389 1473 Lusitania

202 1490 473 1539 distinguitur.

249 1542 415 1581 Baetica
426 1557 449 1580 a
461 1543 624 1580 flumine
638 1556 728 1580 eam
739 1542 915 1580 mediam
927 1547 1093 1579 secante
1105 1544 1389 1592 cognominata

266 1713 281 1727 ⁰
303 1705 430 1746 Nearly
459 1705 518 1736 the
546 1709 684 1745 present
711 1704 916 1742 Andalusia;
952 1705 1074 1737 named
1101 1704 1190 1736 {rom
1217 1704 1276 1736 the
1299 1704 1389 1737 river

214 1749 340 1785 Baetis
358 1749 417 1780 the
433 1749 692 1789 Guadalquivir.

273 1790 285 1811 ὅ
304 1791 478 1833 I'ortugal,
493 1791 674 1832 excluding
692 1790 750 1822 the
763 1794 842 1832 part
860 1791 1013 1822 between
1031 1789 1090 1822 tho
1107 1789 1223 1822 Douro
1239 1788 1310 1821 and
1325 1789 1384 1821 tho

214 1834 342 1866 Minho.

267 1882 279 1897 ⁶
300 1878 372 1909 'rho
386 1877 568 1909 Guadiana
583 1876 723 1916 (Arabio
739 1876 835 1913 wadi,
852 1876 860 1888 ‘
874 1877 966 1907 river
979 1876 1016 1916 ¹).

267 1919 282 1939 ⁴
305 1920 454 1961 Perhaps
470 1920 667 1951 Alhambra.

270 1969 279 1980 ⁶
302 1965 354 1996 πλε.
369 1963 456 1995 from
473 1963 530 1995 the
547 1962 699 1994 Balearic
715 1961 865 1994 Channel
880 1966 916 1993 to
931 1961 990 1994 the
1005 1962 1080 2004 Bay
1096 1961 1133 1994 of
1146 1961 1282 2003 Biscay.

205 2025 228 2063 6
