1515 2351
125 307 167 337 92

129 1281 170 1312 93

396 126 586 164 PLINY:
638 124 903 163 NATURAL
940 124 1178 162 HISTORY

247 232 359 269 Haec
376 236 569 281 conperta
585 229 636 267 de
653 229 902 279 Taprobane.

248 299 372 338 XXV.
403 300 606 347 Quattuor
644 302 845 349 satrapiae
887 311 984 349 quas
1025 301 1065 336 in
1105 298 1208 336 hunc
1248 298 1378 336 locum

194 371 421 408 distulimus
440 373 497 407 ita
524 382 565 407 se
595 367 759 406 habent.
819 381 842 405 a
863 371 1050 418 proximis
1071 368 1171 405 Indo
1191 368 1379 419 gentibus

195 446 398 477 montana.
453 439 650 488 Capisene
679 437 821 475 habuit
851 437 1036 487 Capisam
1080 437 1218 475 urbem
1258 450 1378 488 quam

194 510 315 547 dimit
355 508 505 559 Cyrus3
559 506 779 544 Arachosia
818 520 909 544 cum
950 506 1112 543 flumine
1153 512 1194 544 et
1233 506 1380 557 oppido

195 579 373 616 eiusdem
415 580 599 621 nominis,
641 576 748 626 quod
789 575 953 626 quidam
995 575 1123 613 Cufim
1165 575 1316 620 dixere,
1357 589 1381 613 a

195 648 460 686 Samiramide
477 647 684 684 conditum
699 658 708 689 ;
740 649 867 683 amnis
886 646 1138 696 Erymandus
1156 645 1380 695 praefluens

197 718 442 755 Parabesten
472 715 793 754 Arachosiorum.
840 718 1040 764 proximos
1071 714 1129 752 his
1159 728 1181 751 a
1216 715 1381 752 meridie

196 788 245 825 ad
288 794 445 838 partem
488 785 781 823 Arachotarum
824 785 974 822 faciunt
1020 785 1318 830 Dexendrusos,
1358 798 1382 822 a

196 861 471 908 septentrione
510 855 829 905 Paropanisidas‚
867 855 1043 892 Cartana
1080 855 1270 905 oppidum
1308 854 1382 892 sub

197 928 390 971 Caucaso,
438 926 544 977 quod
592 932 733 976 postea
780 925 1017 975 Tetragonis
1064 925 1229 962 dictum.
1283 923 1382 962 haec

198 1001 306 1048 regio
334 1002 395 1034 est
423 1009 471 1034 ex
500 996 665 1033 adverso
694 995 900 1038 Bactriae3
943 993 1208 1031 Arianoruml
1236 994 1382 1032 deinde

197 1070 306 1104 cuius
354 1067 544 1116 oppidum
594 1065 839 1102 Alexandria
887 1078 909 1101 a
956 1065 1161 1102 conditore
1207 1064 1383 1108 dietum;

197 1137 404 1188 Syndraci,
458 1136 684 1185 Dangalae,
738 1134 973 1185 Parapinae,
1021 1134 1204 1179 Cataces,
1254 1133 1383 1177 Mazi3

198 1207 247 1244 ad
301 1206 523 1243 Caucasum
576 1205 757 1249 Cadrusi,
809 1204 998 1255 oppidum
1052 1204 1102 1241 ab
1153 1203 1383 1241 Alexandro

200 1276 419 1314 conditum.
475 1275 576 1312 infra
618 1274 716 1312 haec
755 1277 887 1311 omnia
929 1274 1139 1324 planiora.²
1191 1274 1241 1310 ab
1284 1273 1383 1311 Indo

199 1347 349 1384 Ariana
388 1349 499 1395 regio
539 1345 725 1382 ambusta
766 1344 984 1381 fervoribus
1024 1343 1275 1394 desertisque
1312 1346 1383 1380 cir-

197 1416 401 1459 cumdata,
431 1415 557 1452 multa
587 1421 725 1452 tamen
756 1413 950 1451 interfusa
979 1416 1183 1464 opacitate
1211 1413 1384 1451 cultores

198 1492 417 1537 congregat
448 1488 550 1522 circa
581 1484 679 1521 duos
714 1487 889 1521 maxime
920 1483 1070 1528 fluvios,
1100 1483 1312 1520 Tonberon
1342 1488 1384 1520 et

201 1557 421 1605 Arosapen.
476 1554 666 1604 oppidum
709 1555 951 1597 Artacoana,
992 1552 1110 1590 Arius
1150 1555 1276 1590 amnis
1318 1556 1384 1603 qui

202 1625 387 1676 praefluit
439 1624 727 1662 Alexandriam
779 1623 830 1659 ab
881 1623 1111 1660 Alexandro
1160 1623 1385 1660 conditam:

200 1701 314 1745 patet
342 1694 532 1745 oppidum
557 1693 687 1730 stadia
712 1704 807 1736 ,oum
838 1692 1046 1744 multoque
1066 1691 1264 1743 pulchrius
1284 1695 1385 1730 sicut

202 1767 404 1814 antiquius
423 1764 695 1806 Artacabene,
714 1765 860 1799 iterum
881 1762 930 1799 ab
951 1761 1150 1799 Antiocho
1170 1763 1385 1806 munitum,

453 1849 464 1868 ¹
490 1847 647 1888 Mayhoff
658 1860 664 1879 :
696 1847 840 1878 adverso
858 1846 1132 1878 Bactrianorum.

451 1891 464 1911 ²
488 1891 653 1931 Mayhoff,
668 1890 709 1931 cf.
726 1892 741 1930 §
755 1891 797 1922 92
812 1902 820 1922 ε
848 1891 965 1921 omnia
979 1900 1049 1921 ora.

386 1998 400 2012 ⁶
424 1993 506 2025 Now
529 1992 727 2025 Kanduhar.
933 1991 946 2012 ⁰
968 1992 1054 2024 Now
1075 1992 1193 2024 Horat.

202 2056 274 2101 408
