1515 2351
396 132 586 170 PLINY:
638 133 902 172 NATURAL
939 133 1177 171 HISTORY

191 233 356 272 Catonis
378 241 509 273 morte
532 234 689 279 nobilis,
712 234 862 272 flumen
883 234 1082 286 Bagrada,
1104 234 1212 273 locus
1235 234 1378 273 Castra

192 295 389 341 Cornelia,
434 296 588 333 colonia
635 295 837 347 Carthago
885 296 1063 347 Magnae
1111 299 1152 334 in
1199 298 1377 347 vestigiis

193 356 459 408 Carthaginis,
491 357 645 395 colonia
680 357 861 402 Maxula,
894 358 1041 408 oppida
1075 357 1207 408 Carpi,
1242 357 1376 395 Misua

192 425 235 456 et
268 419 438 456 liberum
475 418 627 469 Clypea
661 422 702 456 in
737 422 1014 470 promunturio
1052 418 1242 465 Mercuri,
1276 422 1377 456 item

192 479 316 517 libera
335 479 518 526 Curubis,
538 480 738 531 Neapolis.

246 541 343 579 Mox
364 541 525 579 Africae
545 544 667 593 ipsius
688 542 765 579 alia
783 541 1001 580 distinctio.
1057 541 1377 593 Libyphoenices

192 609 384 641 vocantur
427 606 494 654 qui
537 603 753 654 Byzacium
795 604 996 642 incolunt:
1050 606 1108 641 ita
1151 603 1378 654 appellatur

192 668 303 715 regio
324 666 394 702 ἧ,
414 679 452 716 p.
476 667 657 710 circuitu,
679 665 900 702 fertilitatis
922 668 1108 710 eximiae,
1129 678 1220 702 cum
1241 671 1378 702 cente-

191 730 291 764 sima
336 726 451 778 fruge
497 727 679 778 agricolis
724 727 840 764 fenus
884 727 1082 765 reddente
1129 733 1249 764 terra.
1316 726 1379 764 hic

193 788 340 839 oppida
352 788 476 826 libera
491 788 645 839 Leptis,
659 788 971 834 Hadrumetum,
985 787 1376 840 Ruspina‚Thapsus.

193 851 286 887 inde
321 850 499 896 Thenae,
534 853 655 896 Aves,
693 850 967 897 Macomades,
1001 851 1174 901 Tacape,
1209 850 1378 888 Sabrata

192 915 429 963 contingens
450 912 600 964 Syrtim
626 912 843 958 Minorem,
870 913 921 950 ad
947 927 1068 964 quam
1096 912 1309 950 Numidiae
1337 918 1380 950 et

194 974 354 1011 Africae
383 975 433 1012 ab
461 976 667 1025 Ampsaga
694 974 905 1025 longitudo
930 976 1073 1020 Diffi,
1101 974 1274 1012 latitudo
1301 987 1381 1024 qua

193 1039 399 1087 cognitum
432 1043 495 1074 est
528 1039 583 1074 ἴς.
639 1050 687 1074 ea
719 1050 810 1087 pars
844 1050 965 1087 quam
998 1036 1175 1073 Africam
1205 1036 1381 1086 appella-

194 1100 320 1135 vimus
363 1098 555 1136 dividitur
596 1101 637 1135 in
681 1098 780 1136 duas
823 1100 1058 1149 provincias,
1102 1098 1293 1136 Veterem
1337 1104 1380 1135 et

195 1159 363 1205 Novam,
379 1160 572 1198 discretas
588 1159 692 1197 fossa
709 1163 815 1197 inter
830 1159 1065 1197 Africanum
1081 1165 1321 1210 sequentem
1337 1165 1380 1197 et

194 1234 312 1271 reges
353 1221 512 1259 Thenas
555 1235 681 1272 usque
723 1221 932 1273 perducta,
975 1221 1083 1272 quod
1124 1221 1316 1272 oppidum
1357 1234 1381 1258 a

195 1282 438 1334 Carthagine
462 1284 578 1320 abest
601 1296 725 1321 ccxvn

250 1344 316 1382 IV.
345 1345 504 1383 Tertius
538 1347 646 1382 sinus
682 1345 874 1382 dividitur
911 1347 951 1382 in
983 1347 1179 1395 geminos,
1212 1344 1381 1382 duarum

196 1405 373 1457 Syrtium
424 1406 570 1444 vadoso
621 1420 666 1443 ac
719 1410 921 1457 reciproco
973 1408 1072 1443 mari
1127 1406 1245 1443 diros.
1329 1406 1379 1443 ad

194 1470 431 1518 proximam,
447 1481 550 1518 quae
571 1471 700 1505 minor
719 1475 796 1512 est,
810 1482 833 1504 a
847 1467 1090 1518 Carthagine
1107 1472 1174 1506 Effe
1191 1466 1381 1519 Polybius

195 1529 334 1574 tradit,
372 1532 498 1580 ipsam
531 1535 696 1567 centum
726 1530 879 1566 milium
912 1543 1101 1580 passuum
1137 1529 1264 1574 aditu,
1300 1535 1379 1566 tre-

195 1597 405 1628 centorum
432 1592 599 1628 ambitu.
664 1598 707 1628 et
734 1597 842 1628 terra
870 1598 1007 1628 autem
1039 1590 1215 1628 siderum
1248 1591 1379 1628 obser-

196 1655 355 1690 vatione
377 1653 427 1690 ad
448 1666 537 1690 eam
557 1666 630 1703 per
649 1652 811 1690 deserta
831 1651 989 1689 harenis
1005 1666 1156 1703 perque
1172 1658 1382 1703 serpentes

196 1716 274 1752 iter
287 1720 360 1752 est.
401 1717 605 1765 excipiunt
621 1714 745 1751 saltus
759 1714 903 1764 repleti
918 1713 1092 1751 ferarum
1109 1713 1382 1759 multitudine,

238 1828 252 1842 ⁰
276 1823 389 1863 Scipio
416 1822 597 1854 Africanus
624 1821 683 1854 tho
709 1821 801 1854 elder
827 1822 972 1863 camped
1001 1822 1080 1854 hero
1107 1832 1150 1854 on
1177 1821 1317 1864 landing
1347 1822 1381 1853 in

196 1865 309 1897 Africa
327 1867 391 1898 204
410 1874 475 1898 n.c.

242 1909 254 1928 ⁶
277 1909 339 1941 See
357 1910 371 1948 ξ
388 1910 408 1939 4
425 1912 515 1939 note.

243 1957 254 1971 ‘
275 1952 390 1992 Scipio
408 1951 629 1989 Aemilianus,
650 1961 711 1983 son
731 1951 770 1982 of
784 1950 949 1983 Aemilius
968 1950 1105 1983 Paulus.

241 1996 254 2013 θ
279 1995 418 2035 Micipsa
436 1994 505 2026 and
523 1998 590 2025 two
609 1994 708 2026 other
724 2005 803 2026 sons
822 1994 860 2026 of
874 1995 1063 2026 Masinissa.

200 2058 269 2105 236
