1515 2351
162 681 204 713 23

161 1164 203 1194 24

435 146 625 184 PLINY:
679 147 943 186 NATURAL
980 147 1218 186 HISTORY

230 249 460 287 libertatern
518 250 718 287 Domitius
776 250 882 287 Nero
937 250 1064 287 dedit.
1120 249 1414 301 Peloponnesus

231 306 271 340 in
302 303 557 341 latitudinem
589 317 612 340 a
642 306 919 354 promunturio
952 303 1111 340 Maleae
1142 304 1193 341 ad
1223 304 1414 354 oppidum

231 357 405 407 Aegium
432 356 674 394 Corinthiaci
701 360 808 394 sinus
836 363 907 395 &fix—c
930 363 1059 407 patet,
1086 363 1128 394 at
1153 360 1193 394 in
1219 363 1415 395 transver-

230 423 317 447 sum
347 411 397 447 ab
427 410 541 447 Elide
573 411 817 460 Epidaurum
848 417 959 454 (ἯῩ,
989 411 1040 447 ab
1069 410 1258 461 Olympia
1286 412 1415 462 Argos

231 477 303 514 per
326 464 538 500 Arcadiam
565 469 710 508 ῶῖἶιῑῑη
748 464 798 500 ab
822 464 965 501 eodem
989 463 1074 501 loco
1097 464 1148 501 ad
1172 463 1313 515 Pylum
1336 467 1415 501 iam

230 516 339 554 dicta
359 530 544 554 mensura
565 517 657 554 est.²
711 520 895 554 universa
915 524 1066 562 autem,
1087 517 1197 555 velut
1215 524 1414 568 pensante

230 583 448 620 aequorum
476 573 654 608 incursus
683 577 840 616 natura,
869 573 908 607 in
938 577 1096 608 montes
1124 583 1162 607 Vl
1191 577 1315 622 atque
1343 583 1414 608 Lxx

230 623 437 661 attollitur.

285 677 374 714 VII.
405 678 469 714 Ab
499 677 639 715 Isthmi
668 680 861 728 angustiis
892 677 1026 715 Hellas
1054 680 1208 728 incipit,
1227 691 1251 715 a
1270 681 1415 715 nostris

230 730 399 767 Graecia
431 731 642 781 appellata.
699 735 737 768 in
771 744 819 768 ea
851 734 978 781 prima
1011 732 1163 776 Attice,
1191 734 1413 782 antiquitus

230 785 333 821 Acte
377 792 528 821 vocata.
598 787 764 836 attingit
809 784 1005 822 Isthmum
1049 791 1164 835 parte
1208 787 1267 822 sui
1310 797 1413 835 quae

229 837 455 888 appellatur
491 838 668 889 Megaris
702 839 752 875 ab
785 838 940 875 colonia
977 837 1158 889 Megara,
1193 851 1215 876 e
1249 841 1413 889 regione

231 889 440 942 Pagarum.
495 891 575 929 duo
594 891 692 929 haec
711 892 858 942 oppida
877 898 1118 929 excurrente
1138 890 1414 942 Peloponneso

229 947 306 982 sita
327 952 433 990 sunt,
456 951 626 995 utraque
648 959 697 982 ex
719 952 834 996 parte
857 945 966 982 velut
987 948 1027 982 in
1048 947 1197 983 umeris
1220 945 1413 990 Helladis,

230 997 377 1049 Pagaei
400 1005 441 1036 et
463 999 632 1050 amplius
654 999 1008 1049 Aegosthenenses
1029 1000 1248 1036 contributi
1273 998 1414 1050 Mega-

228 1053 420 1090 rensibus.
474 1055 515 1089 in
553 1066 622 1089 ora
660 1059 797 1090 autem
836 1059 974 1103 portus
1013 1051 1228 1098 Schoenos,
1266 1052 1414 1103 oppida

229 1105 382 1150 Sidous,
423 1105 678 1156 Cremmyon,
718 1106 894 1143 Scironia
934 1119 1029 1143 saxa
1070 1112 1110 1144 ῦῑ
1151 1106 1414 1157 longitudine,

227 1159 413 1204 Gerania,
461 1159 643 1211 Megara,
690 1159 873 1204 Eleusin3
933 1159 1044 1197 fuere
1100 1165 1142 1197 et
1187 1159 1327 1197 Oenoe
1373 1165 1415 1198 et

230 1211 517 1250 Probalinthos.
574 1227 677 1250 nunc
704 1220 796 1250 sunt
823 1214 874 1250 ab
903 1213 1056 1250 Isthmo
1082 1219 1129 1251 ἶῦ
1157 1211 1344 1250 Piraeeus
1371 1219 1414 1251 et

230 1264 396 1303 Phalera
415 1273 553 1317 portus
573 1281 685 1304 muro
706 1274 729 1305 ῦ
747 1267 762 1290 ²
781 1267 1065 1304 recedentibus
1086 1265 1256 1304 Athenis
1275 1269 1412 1304 iuncti.

227 1319 352 1357 libera
399 1319 497 1358 haec
544 1323 695 1365 civitas,
743 1334 818 1358 nec
865 1320 1001 1371 indiga
1049 1320 1163 1358 ullius
1209 1323 1413 1371 praeconii

229 1374 410 1424 amplius,
437 1380 552 1412 tanta
581 1374 740 1411 claritas
771 1374 991 1425 superfluit.
1047 1378 1086 1411 in
1113 1375 1253 1411 Attica
1279 1373 1412 1412 fontes

228 1427 426 1477 Cephisia,
474 1428 632 1472 Larine‚
678 1428 866 1465 Callirroe
914 1428 1209 1472 Enneacrunos,
1254 1433 1414 1465 montes

229 1479 433 1525 Brilessus,
455 1481 685 1532 Aegialeus,
707 1482 869 1526 Icarius,
891 1481 1126 1532 Hymettus,
1148 1481 1410 1532 LycabettuS‚

367 1585 379 1604 ²
403 1585 461 1625 [ab
477 1584 596 1616 eodem
615 1584 687 1616 loco
711 1611 718 1617 .
748 1611 755 1617 .
782 1611 788 1617 .
815 1595 974 1616 mensura
990 1585 1082 1624 esth
1108 1584 1286 1617 Rackham.

365 1627 378 1646 ⁸
401 1628 589 1660 Book-ham:
617 1628 639 1660 V
656 1638 762 1660 muro.

269 1773 283 1789 ⁰
307 1770 396 1801 Nero
413 1780 499 1810 gave
516 1781 563 1811 up
581 1770 631 1801 his
649 1770 766 1811 family
786 1780 885 1801 name
902 1770 937 1801 of
955 1770 1128 1801 Domitius
1146 1769 1243 1801 when
1261 1769 1412 1811 adopted

224 1813 269 1854 by
287 1813 448 1844 Claudius
466 1819 502 1844 to
519 1813 659 1844 succced
679 1813 749 1844 him
766 1823 803 1844 as
822 1813 996 1854 Emperor.

270 1855 282 1875 θ
309 1857 378 1887 Viz.
404 1857 436 1886 in
462 1857 551 1896 §14;
589 1856 653 1887 but
675 1856 744 1887 this
768 1856 951 1887 irrelevant
974 1856 1138 1887 insertion
1160 1855 1256 1887 looks
1278 1855 1345 1887 like
1367 1865 1411 1887 an

223 1899 477 1940 interpolation.
523 1898 596 1931 The
629 1903 898 1930 measurements
930 1899 965 1930 of
998 1899 1056 1930 the
1088 1898 1320 1940 Peloponneee
1353 1907 1411 1930 are

223 1942 323 1983 given
345 1942 432 1973 from
454 1941 557 1973 south
580 1946 616 1973 to
639 1942 739 1973 north
762 1941 830 1972 and
853 1942 933 1973 then
957 1942 1042 1972 from
1067 1945 1148 1972 west
1170 1946 1206 1973 to
1227 1947 1311 1977 east,
1335 1940 1409 1972 first

222 1990 259 2016 at
279 1985 336 2016 the
355 1985 475 2016 widest
495 1985 592 2025 point
610 1984 678 2016 and
697 1985 898 2016 afterwards
916 1985 1047 2016 further
1064 1984 1166 2016 south
1185 1988 1223 2016 at
1242 1984 1300 2016 the
1323 1983 1410 2015 level

222 2028 256 2058 of
275 2028 332 2058 tho
350 2028 431 2059 Gulf
447 2028 482 2059 οἱ
500 2027 658 2069 Nauplia.

233 2101 298 2136 ¹34
