1515 2351
170 625 208 656 14

170 1079 208 1110 15

170 1727 209 1759 16

437 128 604 166 PLINY
619 142 628 166 z
680 129 828 167 NATU
835 129 945 166 RAL
982 129 1221 167 HISTORY

235 236 276 271 in
299 232 452 271 Achaia
475 246 618 270 novem
643 235 840 270 montium
864 232 1044 270 Scioessa
1065 235 1309 279 notissimus,
1331 232 1420 272 fons

236 297 472 349 Cymothoe.
528 297 633 335 ultra
662 296 801 334 Patras
830 297 1021 348 oppidum
1051 297 1239 342 Olenum,
1267 298 1421 336 colonia

237 362 384 414 Dyme,
427 362 513 400 loca
554 362 804 412 Buprasium,
849 362 1058 412 Hyrmine,
1100 365 1421 412 promunturium

235 428 406 471 Araxus,
435 426 636 477 Cyllenius
670 429 792 471 sinus,
825 429 1145 477 promunturium
1180 426 1421 465 Chelonates

235 491 341 529 unde
363 491 556 542 Cyllenen
577 497 602 529 V
621 505 676 542 p.,
695 491 905 528 castellum
926 489 1096 535 Phlium,
1117 505 1220 542 quae
1239 494 1351 542 regio
1370 492 1421 529 ab

236 556 414 593 Homero
433 555 687 606 Araeth)·rea
706 555 817 593 dicta
836 562 911 600 est,
930 562 1072 607 postea
1093 558 1247 606 Asopis.

288 621 388 658 Inde
418 621 595 658 Eliorum
624 634 734 671 ager,
763 622 830 671 qui
859 627 981 657 antea
1009 621 1135 671 Epioe
1164 621 1420 658 vocabantur.

234 688 319 736 ipsa
345 685 427 723 Elis
452 688 491 722 in
516 685 826 730 mediterraneo,
847 691 889 722 et
914 699 937 722 a
963 683 1060 736 Pylo
1086 691 1159 724 ffi
1185 688 1292 723 intus
1312 685 1423 723 delu-

234 750 350 788 brum
366 750 543 801 Olympii
561 750 677 795 Iovis,
691 750 875 788 ludorum
890 750 1074 788 claritate
1090 750 1213 788 fastos
1229 750 1422 788 Graeciae

233 815 502 866 complexum,
544 813 775 852 Pisaeorum
818 815 1021 866 quondam
1062 815 1268 866 oppidum,
1309 828 1423 866 prae-

235 880 388 918 fluente
433 879 593 931 Alpheo
638 893 770 917 amne.
828 886 871 917 at
917 882 957 916 in
995 893 1064 916 ora
1101 883 1423 931 promunturium

236 943 414 996 Ichthys,
475 947 602 982 amnis
677 944 1123 996 Alpheus—navigatur
1182 944 1424 997 Vx—oppida

235 1009 381 1055 Aulon,
416 1009 621 1060 Leprium‚
652 1012 974 1060 promunturium
1007 1007 1263 1055 Platanodes,
1292 1012 1425 1047 omnia

235 1073 335 1112 haec
350 1074 401 1112 ad
415 1087 601 1112 occasum
616 1087 740 1112 versa.
797 1074 848 1112 ad
863 1074 1074 1112 meridiem
1088 1080 1227 1112 autem
1242 1074 1425 1126 Cyparis-

234 1142 314 1177 sius
338 1142 446 1177 sinus
471 1153 562 1177 cum
587 1140 685 1177 urbe
712 1139 923 1190 Cyparisso
949 1145 1046 1178 iffi(
1070 1141 1252 1184 circuitu,
1277 1139 1426 1190 oppida

236 1203 368 1255 Pylos,
391 1203 603 1249 Methone,
623 1204 731 1241 locus
752 1204 890 1249 Helos,
909 1207 1232 1255 promunturium
1252 1205 1424 1248 Acritas,

235 1272 342 1307 sinus
361 1270 557 1306 Asinaeus
574 1269 624 1306 ab
641 1269 790 1320 oppido
806 1269 945 1314 Asine,
962 1268 1191 1306 Coronaeus
1207 1282 1231 1306 a
1247 1268 1425 1313 Corone3

235 1333 427 1371 finiuntur
450 1333 632 1371 Taenaro
657 1336 946 1384 promunturio.
1002 1334 1056 1370 ibi
1081 1335 1194 1385 regio
1221 1332 1425 1372 Messenia

235 1399 513 1450 duodeviginti
538 1401 751 1444 montium,
778 1401 905 1436 amnis
931 1397 1126 1444 Pamisus,
1153 1401 1260 1436 intus
1287 1405 1424 1436 autem

235 1466 320 1515 ipsa
359 1463 563 1508 Messene,
601 1462 774 1508 Ithome,
813 1462 1018 1508 Oechalia,
1054 1464 1205 1508 Arene,
1243 1462 1425 1509 Pteleon,

233 1527 409 1579 Thryon,
442 1528 607 1573 Dorion,
638 1528 796 1572 Zancle,
826 1530 942 1565 variis
973 1539 1158 1579 quaeque
1188 1527 1294 1565 clara
1323 1534 1426 1566 tem-

233 1593 408 1644 poribus.
463 1592 579 1630 huius
609 1595 717 1630 sinus
747 1595 934 1630 circuitus
967 1606 1079 1638 Lxxx,
1109 1595 1302 1630 traiectus
1332 1606 1427 1631 vero

234 1663 323 1696 ᾖ.

288 1721 445 1760 Dehinc
474 1735 499 1760 a
525 1722 708 1760 Taenaro
737 1736 834 1773 ager
865 1722 1084 1760 Laconicus
1113 1721 1263 1760 liberae
1291 1725 1426 1774 gentis

235 1793 280 1825 et
329 1790 438 1825 sinus
488 1789 657 1825 circuitu
709 1793 787 1832 (Ἦ,
838 1790 1011 1824 traiectu
1063 1801 1230 1825 xxxvut.
1279 1787 1428 1838 oppida

477 1950 492 1965 ⁸
513 1945 619 1982 Iliad,
639 1944 687 1978 II.
705 1947 759 1977 57.

472 1985 486 2009 ⁸
509 1988 702 2030 Destroyed
719 1988 764 2030 by
782 1988 840 2020 the
857 1987 984 2021 Eleans
999 1988 1034 2021 in
1049 1989 1114 2022 572
1133 1997 1201 2023 B.c.

243 2053 310 2090 128
