1515 2351
385 113 574 152 PLINY:
626 114 891 152 NATURAL
927 114 1166 153 HISTORY

182 221 351 256 merium
388 218 542 256 directo
578 231 707 262 cursu,
745 223 790 255 ut
827 223 965 255 auctor
1001 223 1064 256 est
1101 216 1301 270 Polybius,
1338 225 1367 259 ἶ)

182 280 394 314 intersunt.
448 279 616 314 circuitu
634 289 727 313 vero
744 278 869 313 totius
888 275 1006 314 Ponti
1022 278 1171 314 viciens
1188 278 1312 315 semel
1331 291 1365 323 ι,

183 342 227 373 ut
246 342 385 373 auctor
404 341 465 372 est
485 335 608 372 Varro
628 341 669 372 et
687 334 973 382 fere-veterem
1007 335 1140 386 Nepos
1159 335 1366 374 Cornelius

182 400 273 432 cc—cf,
314 394 450 438 adicit,
493 393 770 431 Artemidorus
812 395 931 431 vicies
973 393 1098 431 semel
1140 400 1183 432 et
1225 394 1366 433 decem

180 466 323 490 novem
347 451 454 490 milia
473 451 582 497 facit,
603 453 782 503 Agrippa
807 457 903 504 {x—w}
929 457 988 497 Χῖ,
1012 451 1223 490 Mucianus
1247 462 1361 506 lxxiv!

180 517 268 550 ᾗ.
324 511 440 549 simili
465 511 584 548 modo
608 511 659 548 de
684 511 867 561 Europae
897 510 1023 548 latere
1050 525 1277 549 mensuram
1302 510 1367 548 alii

115 576 155 606 78
186 576 275 624 ΙἮ]
309 584 422 608 Lxxffl
442 569 775 614 determinavere,
791 569 856 606 alii
871 575 947 622 [ῆι.
982 569 1040 607 M.
1057 569 1181 607 Varro
1196 570 1247 607 ad
1263 569 1366 607 hunc

181 630 343 667 modum
369 631 556 666 metitur:
589 628 639 665 ab
655 631 758 665 ostio
779 627 895 666 Ponti
914 628 1166 679 Apolloniam
1185 643 1366 667 chxxvu

184 701 209 726 n
232 703 285 739 p.,
308 688 492 725 Callatim
514 687 770 731 tantundem,
792 687 843 724 ad
864 690 1010 724 ostium
1035 687 1160 725 Histri
1182 693 1294 732 ff,
1316 688 1367 725 ad

183 746 475 798 Borysthenem
507 752 589 790 ᾗ,
620 745 911 783 Cherronesum
943 746 1270 784 Heracleotarum
1300 760 1368 797 op-

180 806 319 856 pidum
355 809 529 843 t’sc—Lffi
566 819 619 855 p.,
659 805 710 842 ad
749 803 1062 855 Panticapaeum
1101 805 1207 856 quod
1247 805 1366 856 aliqui

182 864 401 915 Bosporum
421 871 578 908 vocant,
597 869 824 900 extremum
843 866 883 900 in
902 864 1085 914 Europae
1104 877 1186 908 ora,
1206 869 1308 902 {effi
1327 876 1366 909 ι),

181 936 283 974 quae
299 936 454 960 summa
466 923 586 960 efficit
603 927 702 975 sm}
720 927 854 960 W
870 935 906 959 n.
941 923 1121 973 Agrippa
1136 936 1159 959 a
1174 922 1368 974 Byzantio

181 982 231 1019 ad
251 981 399 1019 flumen
420 981 600 1018 Histrum
622 986 708 1026 n’T‘L,
726 981 820 1018 inde
840 979 1153 1032 Panticapaeum
1175 986 1338 1020 πῆ.

233 1040 360 1078 Lacus
398 1043 481 1091 ipse
522 1039 696 1077 Maeotis
731 1039 885 1076 Tanain
921 1053 1082 1077 amnem
1118 1053 1168 1077 ex
1206 1040 1367 1091 Ripaeis

182 1100 384 1137 montibus
425 1099 673 1136 defluentem
714 1101 926 1150 accipiens,
967 1101 1222 1136 novissimum
1263 1102 1369 1137 inter

181 1158 382 1209 Europam
411 1159 628 1208 Asiamque
659 1157 793 1202 finem,
826 1162 916 1210 [it—w}
950 1163 990 1196 ἦ
1025 1159 1192 1195 circuitu
1226 1164 1366 1209 patere

180 1217 366 1262 traditur,
395 1217 445 1254 ab
476 1216 560 1253 aliis
588 1223 651 1270 ΙῊΙ
679 1221 765 1255 ffi.
821 1216 871 1253 ab
900 1219 1002 1254 ostio
1032 1219 1115 1254 eius
1145 1216 1196 1254 ad
1224 1216 1368 1254 Tanais

181 1278 326 1313 ostium
353 1276 506 1313 directo
532 1289 648 1313 cursu
676 1281 843 1314 cchxxV
872 1288 958 1312 esse
984 1281 1155 1312 constat.
1210 1275 1368 1313 accolae

181 1337 289 1372 sinus
307 1337 390 1372 eius
407 1337 447 1371 in
463 1337 669 1371 mentione
685 1334 878 1371 Thraciae
895 1334 994 1371 dicti
1010 1341 1103 1371 sunt
1121 1334 1368 1385 Histropolin

182 1406 319 1444 usque.

116 1457 157 1487 79
237 1452 336 1490 Inde
369 1455 471 1489 ostia
505 1452 642 1489 Histri.
709 1458 818 1489 ortus
851 1451 913 1488 hic
945 1454 985 1487 in
1018 1451 1235 1488 Germania
1266 1453 1369 1502 iugis

182 1513 328 1548 montis
356 1512 551 1548 Abnouae
580 1523 629 1547 ex
657 1510 824 1547 adverso
852 1510 1010 1546 Raurici
1038 1509 1191 1547 Galliae
1218 1509 1370 1560 oppidi,

182 1569 317 1607 multis
345 1569 449 1607 ultra
470 1569 595 1620 Alpes
623 1569 786 1605 milibus
813 1582 858 1605 ac
885 1582 957 1619 per
983 1571 1210 1606 innumeras
1238 1568 1369 1619 lapsus

230 1725 245 1741 ⁰
267 1720 348 1752 This
364 1730 464 1751 name
480 1720 507 1751 is
523 1719 663 1760 applied
675 1719 823 1760 vaguely
837 1722 874 1750 to
886 1718 932 1749 all
944 1718 1004 1750 the
1015 1728 1137 1759 tanges
1149 1719 1186 1750 of
1197 1718 1370 1751 Northern

187 1764 325 1805 Europe
347 1763 416 1794 and
436 1763 530 1794 Asia.
576 1762 623 1794 As
645 1773 665 1794 a
687 1767 814 1794 matter
835 1763 870 1794 oi
887 1763 960 1794 fact
978 1761 1038 1794 the
1056 1762 1135 1794 Don
1153 1763 1235 1794 riscs
1254 1763 1288 1794 in
1311 1763 1370 1794 the

186 1811 300 1839 centre
317 1807 352 1838 oi
371 1806 551 1848 European
571 1806 705 1838 Russia.

232 1850 246 1870 ⁰
268 1849 315 1881 At
332 1849 646 1890 Donaueschingen.

232 1898 244 1913 ⁴·
265 1893 338 1925 The
356 1893 462 1924 Black
479 1892 608 1924 Forest.

229 1935 243 1955 ¹¹
270 1936 398 1967 Namod
426 1935 515 1967 after
540 1935 599 1966 the
626 1934 765 1966 Raurici
795 1934 831 1966 of
863 1933 972 1967 Gallia
1003 1933 1158 1976 Belgica;
1197 1933 1369 1976 probably

187 1980 297 2020 Augst,
315 1989 395 2010 near
413 1978 523 2010 Basel.

189 2048 256 2087 170
