1515 2351
373 108 457 145 I‘Ll
467 109 563 146 NY:
615 108 879 146 NATURAL
917 107 1153 145 HISTORY

104 219 143 249 75
170 218 212 250 et
237 215 394 263 argenti
420 209 586 249 metalla
609 210 780 247 fodiunt.
836 210 886 247 ab
911 209 971 247 his
995 209 1162 254 Oratae,
1187 222 1354 260 quorum

104 1816 144 1845 77

171 288 252 335 regi
279 284 483 334 elephanti
508 283 670 333 quidem
694 295 731 327 x,
754 282 826 320 sed
849 282 1008 332 amplae
1032 284 1133 319 vires
1157 281 1354 332 peditum,

171 357 551 394 Suarataratae——et
579 355 618 392 hi
646 355 720 393 sub
748 368 845 406 rege
872 354 1108 405 elephantos
1136 367 1216 392 non
1242 353 1356 392 alunt

172 430 315 468 fiducia
353 432 536 479 equitum
574 427 1220 478 peditumque—Odonbaeoraes,
1258 426 1357 464 Ara-

171 503 331 540 bastrae
376 501 556 539 Thorace
602 501 700 538 urbe
746 499 910 551 pulchra
956 499 1069 537 fossis
1114 499 1356 550 palustribus

171 578 326 612 munita
350 588 421 625 per
441 587 540 625 quas
561 573 747 611 crocodili
771 572 935 610 humani
954 575 1127 622 corporis
1143 571 1355 610 avidissimi

171 648 325 686 aditum
360 650 433 684 nisi
469 652 593 697 ponte
629 659 708 683 non
742 646 854 683 dant.
910 651 952 683 et
987 645 1095 683 aliud
1130 644 1238 695 apud
1270 643 1357 682 illos

170 720 358 758 laudatur
372 720 563 770 oppidum
579 719 814 763 Automula,
829 720 1045 768 inpositurn
1062 718 1166 755 litori
1181 720 1358 768 quinque

171 796 347 830 amnium
390 796 429 829 in
470 806 593 829 unum
634 791 891 829 confluente¹
934 804 1141 832 concursu.
1182 793 1358 840 emporio

172 865 316 909 nobili;
366 867 449 916 regi
494 878 631 902 eorum
679 863 883 913 elephanti
931 876 1027 908 mne,
1074 863 1256 914 peditum
1300 864 1358 908 ἃ,

173 941 354 989 equitum
387 939 425 976 V.
481 939 694 987 pauperior
725 936 987 974 Charmarum
1020 949 1090 974 rex
1123 935 1358 986 elephantos

173 1024 217 1048 m:
258 1024 480 1061 parvasque
522 1010 695 1060 reliquas
737 1012 837 1047 vires
878 1008 1014 1047 habet.
1070 1009 1120 1046 ab
1161 1008 1220 1046 his
1259 1022 1358 1060 gens

174 1084 349 1128 Pandae,
403 1083 487 1120 sola
544 1082 734 1120 Indorum
790 1088 957 1133 regnata
1013 1081 1182 1119 seminis.
1239 1095 1358 1119 unam

174 1156 335 1195 Herculi
365 1170 484 1194 sexus
515 1158 600 1193 eius
629 1158 810 1207 genitam
843 1154 976 1192 ferunt
1006 1155 1057 1192 ob
1087 1155 1209 1206 idque
1237 1157 1359 1205 grati-

172 1243 296 1273 orem,
319 1231 534 1279 praecipuo
557 1241 682 1279 regno
705 1228 911 1265 donatam.
966 1228 1017 1265 ab
1041 1241 1088 1265 ea
1111 1227 1358 1266 deducentes

172 1305 366 1354 originem
418 1304 653 1351 imperitant
706 1314 772 1338 ccc
823 1301 1001 1350 oppidis;
1067 1300 1249 1350 peditum
1301 1300 1358 1345 οἳ,

173 1374 409 1425 elephantes
429 1387 466 1412 D.
522 1380 610 1424 post
629 1373 731 1411 hanc
749 1379 1022 1411 trecentarum
1041 1373 1197 1410 urbium
1215 1376 1357 1411 seriem

174 1448 405 1499 Derangae,
453 1446 665 1497 Posingae,
713 1446 857 1491 Butae,
905 1447 1118 1496 Gogaraei,
1167 1445 1359 1491 Umbrae,

175 1520 345 1565 Nereae,
397 1519 604 1571 Brangosi,
657 1519 896 1562 Nobundae,
947 1519 1173 1563 Cocondae,
1226 1518 1358 1562 Nesei,

174 1593 387 1637 Palatitae,
427 1592 692 1637 Salobriasae,
734 1591 926 1629 Orostrae
967 1591 1148 1629 Patalam
1190 1591 1356 1629 insulam

172 1669 436 1717 attingentes,
457 1679 479 1702 a
498 1668 608 1702 cuius
629 1671 813 1702 extremo
833 1665 948 1702 litore
969 1664 1020 1702 ad
1039 1664 1203 1714 Caspias
1223 1670 1358 1715 portas

175 1746 342 1789 1x1x1xxv
362 1738 596 1788 produntur.

235 1811 337 1849 Hinc
351 1812 497 1850 deinde
511 1812 694 1850 accolunt
710 1812 854 1850 Indum
868 1812 1034 1849 adverso
1048 1823 1096 1848 eo
1109 1811 1330 1849 scandente
1342 1809 1358 1833 ²

179 1885 521 1922 demonstratione
572 1884 781 1929 Mathoae,
828 1884 1034 1935 Bolingae,
1081 1883 1358 1928 Gallitalutae,

245 1956 256 1974 ¹
285 1954 339 1987 V.I.
357 1956 616 1988 confluentium.

244 1999 257 2017 ²
282 1999 440 2040 Maykoff
451 2012 458 2031 z
490 2000 654 2031 adversus
672 2009 730 2031 eos
748 1999 892 2031 cadente
910 1998 1110 2039 (soendonte
1133 1997 1290 2038 Urlichs).

171 2055 241 2095 394
