1515 2351
117 255 178 288 105

119 846 178 877 106

120 1612 178 1644 107

395 147 586 187 PLINY:
640 148 904 186 NATURAL
941 148 1184 186 HISTORY

247 251 378 290 XVII.
408 252 537 290 Gallia
557 255 684 289 omnis
706 253 874 290 Comata
895 265 974 289 uno
995 255 1156 289 nomine
1176 252 1381 303 appellata

196 313 236 347 in
257 314 334 348 tria
352 311 588 362 populorum
608 324 759 362 genera
778 311 981 355 dividitur,
1002 311 1184 348 amnibus
1204 314 1377 348 maxime

197 369 409 407 distincta:
448 383 471 407 a
494 370 635 407 Scalde
659 370 710 407 ad
734 369 961 420 Sequanam
986 369 1160 420 Belgica,
1183 370 1234 406 ab
1258 382 1306 407 eo
1331 370 1379 406 ad

197 428 429 466 Garunnam
456 428 610 466 Celtica
636 429 860 479 eademque
890 428 1183 479 Lugdunensis,
1208 428 1302 466 inde
1330 429 1379 466 ad

198 486 394 538 Pyrenaei
428 490 574 525 montis
611 501 822 525 excursum
857 488 1113 538 Aquitanica,
1149 488 1380 524 Aremorica

197 553 318 584 antea
363 547 484 584 dicta.
552 549 775 584 universam
831 559 940 584 oram
1002 551 1138 599 lxv-‘ulfi
1188 546 1382 598 Agrippa,

198 605 416 643 Galliarum
466 608 573 643 inter
624 604 809 642 Rhenum
861 611 904 642 et
956 603 1208 656 Pyrenaeum
1259 611 1383 656 atque

196 678 390 702 oceanum
431 678 476 702 ac
516 671 674 702 montes
715 664 949 702 Cebennam
989 670 1032 701 et
1073 664 1199 709 Iures,
1239 665 1383 715 quibus

197 723 498 761 Narbonensem
521 723 691 761 Galliam
708 723 899 768 excludit,
914 722 1208 774 longitudinem
1229 729 1383 768 σἐᾱῑ-Χῐι,

197 781 452 819 latitudinem
470 789 640 821 (Ὴῑῖιῖῆῑ
657 784 916 833 computavit.

250 842 287 878 A
337 840 466 878 Scaldi
514 841 693 879 incolunt
741 847 882 878 extera
929 840 1158 879 Texuandri
1206 840 1384 892 pluribus

197 901 435 945 nominibus,
459 900 553 938 dein
586 900 766 951 Menapi,
793 899 954 944 Morini,
979 899 1229 937 Oromarsaci
1259 903 1382 938 iuncti

197 973 301 1010 pago
343 962 409 1010 qui
452 959 684 997 Chersiacus
725 965 903 1004 vocatur,
944 959 1139 1003 Britanni,
1180 959 1383 1004 Ambiani,

197 1017 408 1063 Bellovaci,
454 1017 588 1062 Bassi3
648 1021 839 1056 introrsus
886 1017 1105 1069 Catoslugi,
1151 1018 1384 1063 Atrebates,

198 1077 318 1114 Nervi
364 1077 492 1122 liberi,
539 1077 822 1121 veromandui,
869 1075 1106 1121 Suaeuconi,
1153 1075 1384 1114 Suessiones

197 1135 326 1181 liberi,
343 1136 605 1174 Ulmanectes
621 1136 749 1181 liberi,
764 1135 930 1186 Tungri,
945 1135 1106 1180 Sunuci,
1124 1135 1384 1180 Frisiavones,

198 1194 371 1240 Baetasi,
391 1195 513 1232 Leuci
530 1196 657 1239 liberi,
674 1195 836 1232 Treveri
848 1194 961 1232 liberi
979 1201 1114 1239 antea,
1127 1200 1169 1232 et
1183 1194 1384 1246 Lingones

198 1253 409 1299 foederati,
446 1255 562 1291 Remi
597 1253 809 1298 foederati,
850 1253 1160 1298 Mediomatrici,
1196 1252 1384 1304 Sequani,

199 1313 371 1358 Raurici,
411 1313 596 1357 Helveti3
649 1313 828 1350 coloniae
870 1313 1078 1363 Equestris
1118 1318 1161 1350 et
1202 1312 1382 1350 Raurica.

199 1372 382 1409 Rhenum
417 1378 555 1410 autem
589 1372 816 1409 accolentes
851 1371 1093 1408 Germaniae
1127 1374 1311 1422 gentium
1344 1375 1383 1408 in

196 1431 339 1468 eadem
375 1433 576 1482 provincia
614 1431 820 1475 Nemetes,
855 1430 1028 1474 Triboci,
1066 1430 1307 1480 Vangiones,
1344 1433 1382 1466 in

201 1490 314 1527 Ubiis
357 1490 510 1527 colonia
554 1491 872 1540 Agrippinensis,
918 1489 1111 1533 Guberni‚
1156 1488 1296 1526 Batavi
1341 1495 1383 1526 et

198 1562 296 1599 qnos
314 1551 353 1586 in
372 1549 507 1586 insulis
525 1549 698 1586 diximus
719 1547 858 1585 Rheni.

255 1607 405 1644 XVIII.
438 1607 717 1659 Lugdunensis
736 1607 865 1644 Gallia
883 1606 1006 1644 habet
1026 1606 1235 1651 Lexovios‚
1254 1606 1384 1644 Velio-

198 1680 341 1711 casses,
387 1666 566 1711 Caletos,
611 1666 801 1710 Venetos,
847 1666 1128 1710 Abrincatuos,
1173 1666 1384 1711 Ossismos,

199 1725 346 1763 flumen
382 1725 531 1763 clarum
570 1725 772 1776 Ligerem,
807 1725 880 1762 sed
916 1724 1191 1775 paeninsulam
1228 1731 1384 1775 specta-

198 1787 342 1821 tiorem
368 1791 649 1821 excurrentem
674 1786 715 1820 in
741 1797 936 1821 oceanum
961 1796 985 1820 a
1012 1783 1088 1820 fine
1116 1783 1383 1820 Ossismorum

243 1927 258 1942 ⁰
279 1922 436 1963 Colmgnc,
448 1921 571 1953 named
590 1922 678 1953 aiter
695 1921 880 1963 Agrippina
894 1921 966 1961 (the
980 1921 1054 1952 wife
1064 1921 1098 1951 oi
1108 1920 1295 1960 Claudius),
1307 1920 1383 1952 who

199 1976 266 1997 was
285 1967 366 1996 born
385 1966 489 1997 there.

246 2010 257 2026 ⁶
284 2010 454 2050 Rrittany,
474 2008 598 2049 ending
618 2009 650 2039 in
669 2008 760 2049 Cape
780 2008 954 2039 Finistero.

205 2083 274 2106 200
