1515 2351
131 380 192 412 130

418 131 608 170 PLINY:
662 132 927 170 NATURAL
966 132 1203 170 HISTORY

215 236 302 273 finis
318 236 458 273 Italiae
472 235 613 273 fluvius
627 237 754 272 Arsia.
812 234 949 272 Polam
963 236 1013 272 ab
1028 236 1195 272 Ancona
1208 238 1401 273 traiectus

214 312 286 344 c-xi
302 320 339 356 p.
360 312 433 342 est.

264 375 310 412 In
345 376 640 412 mediterraneo
674 378 847 426 regionis
881 375 1063 412 decimae
1097 375 1276 413 coloniae
1310 375 1404 413 Cre-

215 458 346 487 mona,
367 445 501 481 Brixia
522 445 842 481 Cenomanorum
864 459 974 495 agro,
995 445 1243 482 Venetorum
1265 451 1403 482 autem

214 515 360 551 Ateste
396 521 437 551 et
472 515 619 565 oppida
654 514 836 559 Acelum,
872 513 1096 558 Patavium,
1132 514 1404 565 Opitergium,

216 584 429 628 Velmmm,
459 584 629 628 Vicetia,
661 583 834 621 Mantua
861 584 1080 621 Tuscorum
1110 590 1219 621 trans
1250 583 1403 621 Padum

215 654 297 691 sola
315 654 478 704 reliqua.
535 653 712 690 Venetos
729 654 901 690 Troiana
918 656 1042 704 stirpe
1061 660 1168 691 ortos
1187 660 1325 691 auctor
1342 660 1404 691 est

215 723 330 767 Cato,
379 723 629 760 Cenomanos
678 726 791 760 iuxta
843 723 1063 760 Massiliam
1114 723 1314 761 habitasse
1363 726 1403 760 in

215 793 355 830 Volcis.
413 793 557 830 Feltini
588 799 630 830 et
657 793 881 830 Tridentini
914 799 955 830 et
987 793 1208 831 Beruenses
1239 794 1405 831 Raetica

215 864 377 914 oppida,
401 863 620 900 Raetorum
643 870 685 900 et
709 864 992 914 Euganeorum
1016 863 1403 909 Verona‚'1ulienses

216 933 457 977 Carnorum3
520 933 628 978 dein,
679 947 777 983 quos
826 933 1091 983 scrupulosius
1141 933 1275 970 dicere
1325 947 1404 970 non

215 1005 402 1047 attineat,
425 1003 676 1047 Alutrenses,
700 1004 940 1047 Asseriates,
964 1002 1262 1040 Flamonienses
1286 1002 1403 1040 Vani-

215 1085 329 1109 enses
355 1078 397 1109 et
421 1072 487 1108 alii
510 1075 748 1123 cognomine
774 1072 920 1117 Curici,
946 1072 1235 1110 Foroiulienses
1259 1086 1403 1123 cogno-

215 1145 321 1179 mine
347 1142 635 1192 Transpadani,
665 1142 866 1186 Foretani,
894 1141 1130 1186 Nedinates,
1156 1141 1404 1193 Quarqueni,

134 1217 189 1248 131
210 1212 427 1256 Tarvisani,
451 1212 685 1262 Togienses,
712 1211 886 1248 Varvari.
942 1214 982 1248 in
1008 1211 1082 1249 lioc
1107 1214 1187 1249 situ
1212 1214 1402 1249 interiere

214 1296 285 1332 per
319 1296 428 1318 oram
465 1282 639 1326 Irmene,
676 1281 851 1326 Pellaon,
889 1280 1115 1326 Palsiciu1n‚
1151 1295 1201 1319 ex
1238 1282 1403 1319 Venetis

215 1353 338 1388 Atina
364 1358 406 1388 et
432 1351 610 1395 Caelina,
636 1352 774 1388 Carnis
799 1351 971 1401 Segesta
996 1358 1039 1388 et
1065 1352 1183 1396 Ocra,
1207 1352 1403 1389 Tauriscis

216 1421 373 1458 Noreia.
429 1428 471 1458 et
509 1422 560 1458 ab
600 1421 786 1471 Aquileia
824 1421 874 1458 ad
914 1433 968 1457 xn
1009 1421 1185 1471 lapidem
1223 1421 1403 1458 deletum

215 1491 406 1541 oppidum
429 1494 552 1527 etiam
575 1494 699 1527 invito
721 1497 865 1527 senatu
889 1504 912 1527 a
937 1490 994 1527 M.
1020 1490 1186 1528 Claudio
1212 1490 1404 1528 Marcello

215 1560 260 1597 L.
282 1559 372 1597 Piso
392 1567 530 1598 auctor
548 1567 621 1598 est.

267 1630 313 1667 In
339 1629 412 1667 hac
439 1633 602 1681 regione
630 1636 671 1667 et
698 1643 736 1667 x1
765 1630 870 1667 lacus
898 1630 1036 1667 incluti
1063 1638 1156 1668 sunt
1183 1644 1402 1682 amnesque

214 1713 351 1737 eorum
373 1706 524 1751 partus,
546 1706 616 1737 aut
637 1700 787 1737 alumni
807 1702 840 1737 si
861 1700 981 1737 modo
1002 1707 1190 1751 acceptos
1211 1701 1404 1746 reddunt,

215 1776 260 1807 ut
294 1769 482 1806 Adduam
517 1769 670 1814 Larius,
703 1770 887 1807 Ticinum
923 1770 1171 1816 Verbanuus,
1209 1770 1402 1808 Mincium

385 1944 400 1960 ⁰
421 1940 494 1972 'she
510 1945 601 1971 town
617 1940 652 1971 οἱ
668 1940 850 1981 Flagogna.
1065 1940 1077 1960 θ
1100 1941 1128 1973 F
1129 1941 1216 1974 riuli.

386 1988 398 2003 ⁰
422 1983 546 2016 Naum.
1065 1984 1079 2002 ‘¹
1103 1986 1224 2022 Quero.
