<?xml version="1.0" encoding="UTF-8"?>
<!DOCTYPE html PUBLIC "-//W3C//DTD XHTML 1.0 Transitional//EN"
    "http://www.w3.org/TR/xhtml1/DTD/xhtml1-transitional.dtd">
<html xmlns="http://www.w3.org/1999/xhtml" xml:lang="en" lang="en">
 <head>
  <title>
</title>
<meta http-equiv="Content-Type" content="text/html;charset=utf-8" />
  <meta name='ocr-system' content='tesseract 3.04.00' />
  <meta name='ocr-capabilities' content='ocr_page ocr_carea ocr_par ocr_line ocrx_word'/>
</head>
<body>
  <div class='ocr_page' id='page_1' title='image "./naturalhistory02plinuoft/naturalhistory02plinuoft_0504.png"; bbox 0 0 1515 2351; ppageno 0'>
   <div class='ocr_carea' id='block_1_1' title="bbox 390 126 1175 166">
    <p class='ocr_par' dir='ltr' id='par_1_1' title="bbox 390 126 1175 166">
     <span class='ocr_line' id='line_1_1' title="bbox 390 126 1175 166; baseline 0.004 -3"><span class='ocrx_word' id='word_1_1' title='bbox 390 126 580 164; x_wconf 88' lang='lat' dir='ltr'>PLINY:</span> <span class='ocrx_word' id='word_1_2' title='bbox 634 126 899 164; x_wconf 87' lang='lat' dir='ltr'>NATURAL</span> <span class='ocrx_word' id='word_1_3' title='bbox 938 126 1175 166; x_wconf 86' lang='lat' dir='ltr'>HISTORY</span> 
     </span>
    </p>
   </div>
   <div class='ocr_carea' id='block_1_2' title="bbox 111 231 1380 1637">
    <p class='ocr_par' dir='ltr' id='par_1_2' title="bbox 188 231 1378 590">
     <span class='ocr_line' id='line_1_2' title="bbox 190 231 1376 283; baseline 0.001 -14"><span class='ocrx_word' id='word_1_4' title='bbox 190 231 361 269; x_wconf 85' lang='lat' dir='ltr'>Sebosus</span> <span class='ocrx_word' id='word_1_5' title='bbox 379 245 401 268; x_wconf 92' lang='lat' dir='ltr'><strong>a</strong></span> <span class='ocrx_word' id='word_1_6' title='bbox 419 232 652 282; x_wconf 86' lang='lat' dir='ltr'><strong>Gorgonum</strong></span> <span class='ocrx_word' id='word_1_7' title='bbox 668 231 805 268; x_wconf 88' lang='lat' dir='ltr'><strong>insulis</strong></span> <span class='ocrx_word' id='word_1_8' title='bbox 821 234 1181 283; x_wconf 83' lang='lat' dir='ltr'><strong>praenavigatione</strong></span> <span class='ocrx_word' id='word_1_9' title='bbox 1197 231 1376 270; x_wconf 84' lang='lat' dir='ltr'><strong>Atlantis</strong></span> 
     </span>
     <span class='ocr_line' id='line_1_3' title="bbox 189 292 1374 343; baseline 0 -12"><span class='ocrx_word' id='word_1_10' title='bbox 189 292 343 331; x_wconf 90' lang='lat' dir='ltr'><strong>dierum</strong></span> <span class='ocrx_word' id='word_1_11' title='bbox 364 304 411 330; x_wconf 63' lang='grc' dir='ltr'><strong>,η</strong></span> <span class='ocrx_word' id='word_1_12' title='bbox 434 293 484 329; x_wconf 83' lang='lat' dir='ltr'><strong>ad</strong></span> <span class='ocrx_word' id='word_1_13' title='bbox 506 292 774 343; x_wconf 82' lang='lat' dir='ltr'><strong>Hesperidum</strong></span> <span class='ocrx_word' id='word_1_14' title='bbox 795 292 944 330; x_wconf 90' lang='lat' dir='ltr'><strong>insulas</strong></span> <span class='ocrx_word' id='word_1_15' title='bbox 963 306 1122 330; x_wconf 90' lang='lat' dir='ltr'><strong>cursum</strong></span> <span class='ocrx_word' id='word_1_16' title='bbox 1142 294 1374 343; x_wconf 71' lang='lat' dir='ltr'>prodiderit.</span> 
     </span>
     <span class='ocr_line' id='line_1_4' title="bbox 189 353 1375 404; baseline 0.002 -13"><span class='ocrx_word' id='word_1_17' title='bbox 189 354 240 391; x_wconf 91' lang='lat' dir='ltr'><strong>ab</strong></span> <span class='ocrx_word' id='word_1_18' title='bbox 269 354 328 391; x_wconf 86' lang='lat' dir='ltr'><strong>his</strong></span> <span class='ocrx_word' id='word_1_19' title='bbox 357 355 407 392; x_wconf 84' lang='lat' dir='ltr'><strong>ad</strong></span> <span class='ocrx_word' id='word_1_20' title='bbox 437 354 622 404; x_wconf 83' lang='lat' dir='ltr'><strong>Hesperu</strong></span> <span class='ocrx_word' id='word_1_21' title='bbox 651 353 772 391; x_wconf 86' lang='lat' dir='ltr'><strong>Ceras</strong></span> <span class='ocrx_word' id='word_1_22' title='bbox 802 357 928 391; x_wconf 86' lang='lat' dir='ltr'><strong>unius.</strong></span> <span class='ocrx_word' id='word_1_23' title='bbox 985 367 1058 392; x_wconf 88' lang='lat' dir='ltr'><strong>nec</strong></span> <span class='ocrx_word' id='word_1_24' title='bbox 1091 354 1375 393; x_wconf 87' lang='lat' dir='ltr'><strong>Mauretaniae</strong></span> 
     </span>
     <span class='ocr_line' id='line_1_5' title="bbox 188 415 1378 466; baseline 0.001 -13"><span class='ocrx_word' id='word_1_25' title='bbox 188 416 406 453; x_wconf 86' lang='lat' dir='ltr'><strong>insularum</strong></span> <span class='ocrx_word' id='word_1_26' title='bbox 437 419 583 454; x_wconf 86' lang='lat' dir='ltr'><strong>certior</strong></span> <span class='ocrx_word' id='word_1_27' title='bbox 613 415 723 452; x_wconf 89' lang='lat' dir='ltr'><strong>fama</strong></span> <span class='ocrx_word' id='word_1_28' title='bbox 755 421 839 453; x_wconf 86' lang='lat' dir='ltr'><strong>est:</strong></span> <span class='ocrx_word' id='word_1_29' title='bbox 887 429 1035 466; x_wconf 89' lang='lat' dir='ltr'><strong>paucas</strong></span> <span class='ocrx_word' id='word_1_30' title='bbox 1068 416 1187 454; x_wconf 89' lang='lat' dir='ltr'><strong>modo</strong></span> <span class='ocrx_word' id='word_1_31' title='bbox 1217 422 1378 455; x_wconf 86' lang='lat' dir='ltr'><strong>constat.</strong></span> 
     </span>
     <span class='ocr_line' id='line_1_6' title="bbox 190 477 1376 529; baseline 0.001 -14"><span class='ocrx_word' id='word_1_32' title='bbox 190 491 278 515; x_wconf 88' lang='lat' dir='ltr'><strong>esse</strong></span> <span class='ocrx_word' id='word_1_33' title='bbox 295 491 344 515; x_wconf 83' lang='lat' dir='ltr'><strong>ex</strong></span> <span class='ocrx_word' id='word_1_34' title='bbox 363 478 529 515; x_wconf 86' lang='lat' dir='ltr'><strong>adverso</strong></span> <span class='ocrx_word' id='word_1_35' title='bbox 547 477 782 515; x_wconf 83' lang='lat' dir='ltr'>Autololum</span> <span class='ocrx_word' id='word_1_36' title='bbox 801 491 823 514; x_wconf 90' lang='lat' dir='ltr'><strong>a</strong></span> <span class='ocrx_word' id='word_1_37' title='bbox 843 477 944 514; x_wconf 89' lang='lat' dir='ltr'><strong>Iuba</strong></span> <span class='ocrx_word' id='word_1_38' title='bbox 961 483 1158 528; x_wconf 89' lang='lat' dir='ltr'><strong>repertas,</strong></span> <span class='ocrx_word' id='word_1_39' title='bbox 1175 480 1214 515; x_wconf 87' lang='lat' dir='ltr'><strong>in</strong></span> <span class='ocrx_word' id='word_1_40' title='bbox 1233 479 1376 529; x_wconf 90' lang='lat' dir='ltr'><strong>quibus</strong></span> 
     </span>
     <span class='ocr_line' id='line_1_7' title="bbox 191 539 1162 590; baseline 0 -14"><span class='ocrx_word' id='word_1_41' title='bbox 191 539 446 577; x_wconf 86' lang='lat' dir='ltr'><strong>Gaetulicam</strong></span> <span class='ocrx_word' id='word_1_42' title='bbox 468 552 686 589; x_wconf 83' lang='lat' dir='ltr'><strong>purpuram</strong></span> <span class='ocrx_word' id='word_1_43' title='bbox 707 542 895 590; x_wconf 83' lang='lat' dir='ltr'><strong>tinguere</strong></span> <span class='ocrx_word' id='word_1_44' title='bbox 916 541 1162 576; x_wconf 81' lang='lat' dir='ltr'><strong>instituerat.</strong></span> 
     </span>
    </p>

    <p class='ocr_par' dir='ltr' id='par_1_3' title="bbox 111 600 1380 1145">
     <span class='ocr_line' id='line_1_8' title="bbox 111 600 1378 651; baseline 0.002 -16"><span class='ocrx_word' id='word_1_45' title='bbox 111 606 173 636; x_wconf 81' lang='lat'><strong>202</strong></span> <span class='ocrx_word' id='word_1_46' title='bbox 242 600 453 638; x_wconf 84' lang='lat' dir='ltr'>XXXVII.</span> <span class='ocrx_word' id='word_1_47' title='bbox 477 600 579 638; x_wconf 85' lang='lat' dir='ltr'><strong>Sunt</strong></span> <span class='ocrx_word' id='word_1_48' title='bbox 593 603 660 651; x_wconf 92' lang='lat' dir='ltr'><strong>qui</strong></span> <span class='ocrx_word' id='word_1_49' title='bbox 673 601 780 638; x_wconf 89' lang='lat' dir='ltr'><strong>ultra</strong></span> <span class='ocrx_word' id='word_1_50' title='bbox 793 613 861 638; x_wconf 88' lang='lat' dir='ltr'><strong>eas</strong></span> <span class='ocrx_word' id='word_1_51' title='bbox 875 601 1117 638; x_wconf 83' lang='lat' dir='ltr'><strong>Fortunatas</strong></span> <span class='ocrx_word' id='word_1_52' title='bbox 1130 607 1277 651; x_wconf 86' lang='lat' dir='ltr'><strong>putent</strong></span> <span class='ocrx_word' id='word_1_53' title='bbox 1290 614 1378 639; x_wconf 58' lang='lat' dir='ltr'><strong>esse</strong></span> 
     </span>
     <span class='ocr_line' id='line_1_9' title="bbox 191 660 1377 714; baseline 0.001 -14"><span class='ocrx_word' id='word_1_54' title='bbox 191 662 466 714; x_wconf 83' lang='lat' dir='ltr'><strong>quasdamque</strong></span> <span class='ocrx_word' id='word_1_55' title='bbox 500 663 598 700; x_wconf 88' lang='lat' dir='ltr'><strong>alias</strong></span> <span class='ocrx_word' id='word_1_56' title='bbox 633 660 832 713; x_wconf 90' lang='lat' dir='ltr'><strong>quarum1</strong></span> <span class='ocrx_word' id='word_1_57' title='bbox 865 675 1032 700; x_wconf 88' lang='lat' dir='ltr'><strong>numero</strong></span> <span class='ocrx_word' id='word_1_58' title='bbox 1065 662 1172 700; x_wconf 86' lang='lat' dir='ltr'><strong>idern</strong></span> <span class='ocrx_word' id='word_1_59' title='bbox 1206 662 1377 701; x_wconf 87' lang='lat' dir='ltr'><strong>Sebosus</strong></span> 
     </span>
     <span class='ocr_line' id='line_1_10' title="bbox 191 723 1377 774; baseline 0 -12"><span class='ocrx_word' id='word_1_60' title='bbox 191 728 313 762; x_wconf 86' lang='lat' dir='ltr'><strong>etiam</strong></span> <span class='ocrx_word' id='word_1_61' title='bbox 341 728 473 774; x_wconf 85' lang='lat' dir='ltr'><strong>spatia</strong></span> <span class='ocrx_word' id='word_1_62' title='bbox 498 724 715 774; x_wconf 85' lang='lat' dir='ltr'><strong>conplexus</strong></span> <span class='ocrx_word' id='word_1_63' title='bbox 744 724 954 761; x_wconf 90' lang='lat' dir='ltr'><strong>Iunoniam</strong></span> <span class='ocrx_word' id='word_1_64' title='bbox 981 723 1122 761; x_wconf 88' lang='lat' dir='ltr'><strong>abesse</strong></span> <span class='ocrx_word' id='word_1_65' title='bbox 1147 737 1170 760; x_wconf 90' lang='lat' dir='ltr'><strong>a</strong></span> <span class='ocrx_word' id='word_1_66' title='bbox 1197 723 1377 762; x_wconf 87' lang='lat' dir='ltr'><strong>Gadibus</strong></span> 
     </span>
     <span class='ocr_line' id='line_1_11' title="bbox 192 785 1377 836; baseline 0.003 -15"><span class='ocrx_word' id='word_1_67' title='bbox 192 785 287 822; x_wconf 66' lang='lat' dir='ltr'><strong>iffi,</strong></span> <span class='ocrx_word' id='word_1_68' title='bbox 310 799 348 836; x_wconf 92' lang='lat' dir='ltr'><strong>p.</strong></span> <span class='ocrx_word' id='word_1_69' title='bbox 375 786 515 830; x_wconf 81' lang='lat' dir='ltr'><strong>tradit,</strong></span> <span class='ocrx_word' id='word_1_70' title='bbox 540 786 590 823; x_wconf 88' lang='lat' dir='ltr'><strong>ab</strong></span> <span class='ocrx_word' id='word_1_71' title='bbox 616 799 664 823; x_wconf 88' lang='lat' dir='ltr'><strong>ea</strong></span> <span class='ocrx_word' id='word_1_72' title='bbox 689 785 931 823; x_wconf 86' lang='lat' dir='ltr'><strong>tantundem</strong></span> <span class='ocrx_word' id='word_1_73' title='bbox 958 785 1009 822; x_wconf 87' lang='lat' dir='ltr'><strong>ad</strong></span> <span class='ocrx_word' id='word_1_74' title='bbox 1033 799 1217 823; x_wconf 86' lang='lat' dir='ltr'><strong>occasum</strong></span> <span class='ocrx_word' id='word_1_75' title='bbox 1245 799 1377 824; x_wconf 87' lang='lat' dir='ltr'><strong>versus</strong></span> 
     </span>
     <span class='ocr_line' id='line_1_12' title="bbox 190 846 1378 898; baseline 0.001 -14"><span class='ocrx_word' id='word_1_76' title='bbox 190 846 426 885; x_wconf 79' lang='lat' dir='ltr'><strong>Pluvialiam</strong></span> <span class='ocrx_word' id='word_1_77' title='bbox 467 847 804 898; x_wconf 81' lang='lat' dir='ltr'><strong>Caprariamque3</strong></span> <span class='ocrx_word' id='word_1_78' title='bbox 858 850 898 884; x_wconf 90' lang='lat' dir='ltr'><strong>in</strong></span> <span class='ocrx_word' id='word_1_79' title='bbox 939 846 1133 884; x_wconf 89' lang='lat' dir='ltr'><strong>Pluvialia</strong></span> <span class='ocrx_word' id='word_1_80' title='bbox 1173 860 1251 884; x_wconf 90' lang='lat' dir='ltr'><strong>non</strong></span> <span class='ocrx_word' id='word_1_81' title='bbox 1292 861 1378 885; x_wconf 89' lang='lat' dir='ltr'><strong>esse</strong></span> 
     </span>
     <span class='ocr_line' id='line_1_13' title="bbox 191 908 1378 958; baseline 0.001 -13"><span class='ocrx_word' id='word_1_82' title='bbox 191 922 337 958; x_wconf 85' lang='lat' dir='ltr'><strong>aquam</strong></span> <span class='ocrx_word' id='word_1_83' title='bbox 354 912 428 946; x_wconf 87' lang='lat' dir='ltr'><strong>nisi</strong></span> <span class='ocrx_word' id='word_1_84' title='bbox 445 923 496 947; x_wconf 90' lang='lat' dir='ltr'><strong>ex</strong></span> <span class='ocrx_word' id='word_1_85' title='bbox 512 909 704 946; x_wconf 86' lang='lat' dir='ltr'><strong>imbribus</strong></span> <span class='ocrx_word' id='word_1_86' title='bbox 719 921 728 953; x_wconf 91' lang='grc'>;</span> <span class='ocrx_word' id='word_1_87' title='bbox 761 909 812 945; x_wconf 91' lang='lat' dir='ltr'><strong>ab</strong></span> <span class='ocrx_word' id='word_1_88' title='bbox 829 911 875 946; x_wconf 91' lang='lat' dir='ltr'><strong>iis</strong></span> <span class='ocrx_word' id='word_1_89' title='bbox 895 909 963 944; x_wconf 63' lang='lat' dir='ltr'><strong>ffi,</strong></span> <span class='ocrx_word' id='word_1_90' title='bbox 981 908 1223 947; x_wconf 84' lang='lat' dir='ltr'><strong>Fortunatas</strong></span> <span class='ocrx_word' id='word_1_91' title='bbox 1239 915 1378 946; x_wconf 87' lang='lat' dir='ltr'><strong>contra</strong></span> 
     </span>
     <span class='ocr_line' id='line_1_14' title="bbox 191 969 1377 1014; baseline 0.002 -8"><span class='ocrx_word' id='word_1_92' title='bbox 191 970 347 1007; x_wconf 85' lang='lat' dir='ltr'><strong>laevam</strong></span> <span class='ocrx_word' id='word_1_93' title='bbox 393 971 679 1008; x_wconf 84' lang='lat' dir='ltr'><strong>Mauretaniae</strong></span> <span class='ocrx_word' id='word_1_94' title='bbox 718 973 760 1007; x_wconf 91' lang='lat' dir='ltr'><strong>in</strong></span> <span class='ocrx_word' id='word_1_95' title='bbox 802 983 874 1007; x_wconf 85' lang='lat' dir='ltr'><strong>vlu</strong></span> <span class='ocrx_word' id='word_1_96' title='bbox 917 969 1057 1007; x_wconf 89' lang='lat' dir='ltr'><strong>horam</strong></span> <span class='ocrx_word' id='word_1_97' title='bbox 1099 970 1206 1014; x_wconf 88' lang='lat' dir='ltr'><strong>solis,</strong></span> <span class='ocrx_word' id='word_1_98' title='bbox 1249 973 1377 1008; x_wconf 87' lang='lat' dir='ltr'><strong>vocari</strong></span> 
     </span>
     <span class='ocr_line' id='line_1_15' title="bbox 191 1031 1378 1082; baseline 0.003 -15"><span class='ocrx_word' id='word_1_99' title='bbox 191 1032 385 1070; x_wconf 83' lang='lat' dir='ltr'><strong>Invallem</strong></span> <span class='ocrx_word' id='word_1_100' title='bbox 401 1047 423 1070; x_wconf 90' lang='lat' dir='ltr'><strong>a</strong></span> <span class='ocrx_word' id='word_1_101' title='bbox 439 1035 697 1070; x_wconf 84' lang='lat' dir='ltr'><strong>convexitate</strong></span> <span class='ocrx_word' id='word_1_102' title='bbox 713 1038 755 1069; x_wconf 85' lang='lat' dir='ltr'><strong>et</strong></span> <span class='ocrx_word' id='word_1_103' title='bbox 772 1031 999 1069; x_wconf 86' lang='lat' dir='ltr'><strong>Planasiam</strong></span> <span class='ocrx_word' id='word_1_104' title='bbox 1018 1045 1040 1068; x_wconf 91' lang='lat' dir='ltr'><strong>a</strong></span> <span class='ocrx_word' id='word_1_105' title='bbox 1058 1035 1205 1082; x_wconf 82' lang='lat' dir='ltr'><strong>specie,</strong></span> <span class='ocrx_word' id='word_1_106' title='bbox 1219 1032 1378 1070; x_wconf 85' lang='lat' dir='ltr'><strong>Invallis</strong></span> 
     </span>
     <span class='ocr_line' id='line_1_16' title="bbox 189 1093 1380 1145; baseline 0 -15"><span class='ocrx_word' id='word_1_107' title='bbox 189 1096 355 1131; x_wconf 88' lang='lat' dir='ltr'><strong>circuitu</strong></span> <span class='ocrx_word' id='word_1_108' title='bbox 388 1094 454 1131; x_wconf 66' lang='lat' dir='ltr'><strong>fc‘c</strong></span> <span class='ocrx_word' id='word_1_109' title='bbox 488 1107 550 1145; x_wconf 87' lang='lat' dir='ltr'><strong>p.;</strong></span> <span class='ocrx_word' id='word_1_110' title='bbox 601 1093 789 1130; x_wconf 89' lang='lat' dir='ltr'><strong>arborum</strong></span> <span class='ocrx_word' id='word_1_111' title='bbox 823 1094 874 1130; x_wconf 88' lang='lat' dir='ltr'><strong>ibi</strong></span> <span class='ocrx_word' id='word_1_112' title='bbox 910 1096 1194 1143; x_wconf 85' lang='lat' dir='ltr'><strong>proceritatem</strong></span> <span class='ocrx_word' id='word_1_113' title='bbox 1227 1094 1279 1131; x_wconf 89' lang='lat' dir='ltr'><strong>ad</strong></span> <span class='ocrx_word' id='word_1_114' title='bbox 1311 1105 1380 1130; x_wconf 71' lang='lat' dir='ltr'><strong>cn</strong></span> 
     </span>
    </p>

    <p class='ocr_par' dir='ltr' id='par_1_4' title="bbox 111 1155 1379 1576">
     <span class='ocr_line' id='line_1_17' title="bbox 111 1155 1378 1206; baseline 0.002 -17"><span class='ocrx_word' id='word_1_115' title='bbox 111 1159 172 1191; x_wconf 81' lang='grc'><strong>203</strong></span> <span class='ocrx_word' id='word_1_116' title='bbox 193 1155 316 1205; x_wconf 84' lang='lat' dir='ltr'><strong>pedes</strong></span> <span class='ocrx_word' id='word_1_117' title='bbox 336 1156 575 1194; x_wconf 85' lang='lat' dir='ltr'><strong>adolescere.</strong></span> <span class='ocrx_word' id='word_1_118' title='bbox 633 1155 732 1192; x_wconf 84' lang='lat' dir='ltr'><strong>Iuba</strong></span> <span class='ocrx_word' id='word_1_119' title='bbox 752 1156 804 1193; x_wconf 88' lang='lat' dir='ltr'><strong>de</strong></span> <span class='ocrx_word' id='word_1_120' title='bbox 825 1155 1056 1192; x_wconf 87' lang='lat' dir='ltr'><strong>Fortunatis</strong></span> <span class='ocrx_word' id='word_1_121' title='bbox 1075 1157 1132 1192; x_wconf 81' lang='lat' dir='ltr'><strong>ita</strong></span> <span class='ocrx_word' id='word_1_122' title='bbox 1153 1157 1378 1206; x_wconf 87' lang='lat' dir='ltr'><strong>inquisivit:</strong></span> 
     </span>
     <span class='ocr_line' id='line_1_18' title="bbox 190 1216 1379 1268; baseline -0.001 -14"><span class='ocrx_word' id='word_1_123' title='bbox 190 1217 263 1254; x_wconf 88' lang='lat' dir='ltr'><strong>sub</strong></span> <span class='ocrx_word' id='word_1_124' title='bbox 296 1219 503 1256; x_wconf 82' lang='lat' dir='ltr'><strong>meridiem</strong></span> <span class='ocrx_word' id='word_1_125' title='bbox 537 1221 686 1268; x_wconf 88' lang='lat' dir='ltr'><strong>positas</strong></span> <span class='ocrx_word' id='word_1_126' title='bbox 720 1231 807 1255; x_wconf 86' lang='lat' dir='ltr'><strong>esse</strong></span> <span class='ocrx_word' id='word_1_127' title='bbox 840 1230 966 1267; x_wconf 85' lang='lat' dir='ltr'><strong>prope</strong></span> <span class='ocrx_word' id='word_1_128' title='bbox 997 1230 1195 1260; x_wconf 86' lang='lat' dir='ltr'><strong>occasum,</strong></span> <span class='ocrx_word' id='word_1_129' title='bbox 1227 1230 1250 1253; x_wconf 93' lang='lat' dir='ltr'><strong>a</strong></span> <span class='ocrx_word' id='word_1_130' title='bbox 1284 1216 1379 1254; x_wconf 88' lang='lat' dir='ltr'><strong>Pur-</strong></span> 
     </span>
     <span class='ocr_line' id='line_1_19' title="bbox 190 1279 1379 1330; baseline 0 -14"><span class='ocrx_word' id='word_1_131' title='bbox 190 1282 357 1328; x_wconf 87' lang='lat' dir='ltr'><strong>purariis</strong></span> <span class='ocrx_word' id='word_1_132' title='bbox 376 1279 502 1315; x_wconf 52' lang='lat' dir='ltr'><strong>H&amp;</strong></span> <span class='ocrx_word' id='word_1_133' title='bbox 521 1294 575 1330; x_wconf 89' lang='lat' dir='ltr'><strong>p.,</strong></span> <span class='ocrx_word' id='word_1_134' title='bbox 593 1282 647 1317; x_wconf 90' lang='lat' dir='ltr'><strong>sic</strong></span> <span class='ocrx_word' id='word_1_135' title='bbox 667 1286 710 1316; x_wconf 90' lang='lat' dir='ltr'><strong>ut</strong></span> <span class='ocrx_word' id='word_1_136' title='bbox 730 1291 798 1314; x_wconf 73' lang='lat' dir='ltr'><strong>cel,</strong></span> <span class='ocrx_word' id='word_1_137' title='bbox 814 1291 934 1328; x_wconf 89' lang='lat' dir='ltr'><strong>supra</strong></span> <span class='ocrx_word' id='word_1_138' title='bbox 951 1292 1135 1316; x_wconf 89' lang='lat' dir='ltr'><strong>occasum</strong></span> <span class='ocrx_word' id='word_1_139' title='bbox 1155 1280 1379 1329; x_wconf 82' lang='lat' dir='ltr'><strong>navigetur,</strong></span> 
     </span>
     <span class='ocr_line' id='line_1_20' title="bbox 190 1340 1379 1391; baseline -0.001 -13"><span class='ocrx_word' id='word_1_140' title='bbox 190 1341 284 1378; x_wconf 90' lang='lat' dir='ltr'><strong>dein</strong></span> <span class='ocrx_word' id='word_1_141' title='bbox 328 1354 400 1391; x_wconf 89' lang='lat' dir='ltr'><strong>per</strong></span> <span class='ocrx_word' id='word_1_142' title='bbox 444 1340 608 1376; x_wconf 57' lang='lat' dir='ltr'><strong>&amp;effu—v</strong></span> <span class='ocrx_word' id='word_1_143' title='bbox 654 1347 764 1377; x_wconf 85' lang='lat' dir='ltr'><strong>ortus</strong></span> <span class='ocrx_word' id='word_1_144' title='bbox 809 1346 974 1390; x_wconf 86' lang='lat' dir='ltr'><strong>petatur</strong></span> <span class='ocrx_word' id='word_1_145' title='bbox 1030 1343 1200 1390; x_wconf 88' lang='lat' dir='ltr'><strong>primam</strong></span> <span class='ocrx_word' id='word_1_146' title='bbox 1251 1343 1379 1377; x_wconf 88' lang='lat' dir='ltr'><strong>vocari</strong></span> 
     </span>
     <span class='ocr_line' id='line_1_21' title="bbox 192 1400 1379 1452; baseline 0.001 -14"><span class='ocrx_word' id='word_1_147' title='bbox 192 1401 386 1439; x_wconf 88' lang='lat' dir='ltr'><strong>Ombrion</strong></span> <span class='ocrx_word' id='word_1_148' title='bbox 428 1401 545 1438; x_wconf 90' lang='lat' dir='ltr'><strong>nullis</strong></span> <span class='ocrx_word' id='word_1_149' title='bbox 587 1402 858 1439; x_wconf 82' lang='lat' dir='ltr'><strong>aedificiorum</strong></span> <span class='ocrx_word' id='word_1_150' title='bbox 900 1404 1093 1452; x_wconf 84' lang='lat' dir='ltr'><strong>vestigiis,</strong></span> <span class='ocrx_word' id='word_1_151' title='bbox 1134 1400 1298 1446; x_wconf 84' lang='lat' dir='ltr'><strong>habere,</strong></span> <span class='ocrx_word' id='word_1_152' title='bbox 1339 1404 1379 1439; x_wconf 87' lang='lat' dir='ltr'><strong>in</strong></span> 
     </span>
     <span class='ocr_line' id='line_1_22' title="bbox 190 1463 1378 1514; baseline -0.001 -14"><span class='ocrx_word' id='word_1_153' title='bbox 190 1464 392 1501; x_wconf 88' lang='lat' dir='ltr'><strong>montibus</strong></span> <span class='ocrx_word' id='word_1_154' title='bbox 413 1470 616 1514; x_wconf 86' lang='lat' dir='ltr'><strong>stagnum,</strong></span> <span class='ocrx_word' id='word_1_155' title='bbox 640 1465 800 1501; x_wconf 85' lang='lat' dir='ltr'><strong>arbores</strong></span> <span class='ocrx_word' id='word_1_156' title='bbox 820 1463 967 1501; x_wconf 89' lang='lat' dir='ltr'><strong>similes</strong></span> <span class='ocrx_word' id='word_1_157' title='bbox 987 1463 1141 1500; x_wconf 87' lang='lat' dir='ltr'><strong>ferulae</strong></span> <span class='ocrx_word' id='word_1_158' title='bbox 1165 1476 1214 1500; x_wconf 85' lang='lat' dir='ltr'><strong>ex</strong></span> <span class='ocrx_word' id='word_1_159' title='bbox 1235 1463 1378 1513; x_wconf 85' lang='lat' dir='ltr'><strong>quibus</strong></span> 
     </span>
     <span class='ocr_line' id='line_1_23' title="bbox 192 1525 1378 1576; baseline -0.001 -14"><span class='ocrx_word' id='word_1_160' title='bbox 192 1539 295 1576; x_wconf 87' lang='lat' dir='ltr'><strong>aqua</strong></span> <span class='ocrx_word' id='word_1_161' title='bbox 330 1528 592 1575; x_wconf 85' lang='lat' dir='ltr'><strong>exprimatur,</strong></span> <span class='ocrx_word' id='word_1_162' title='bbox 622 1539 644 1563; x_wconf 90' lang='lat' dir='ltr'><strong>e</strong></span> <span class='ocrx_word' id='word_1_163' title='bbox 675 1527 795 1576; x_wconf 83' lang='lat' dir='ltr'><strong>nigris</strong></span> <span class='ocrx_word' id='word_1_164' title='bbox 825 1538 976 1569; x_wconf 83' lang='lat' dir='ltr'><strong>amara,</strong></span> <span class='ocrx_word' id='word_1_165' title='bbox 1007 1538 1055 1562; x_wconf 88' lang='lat' dir='ltr'><strong>ex</strong></span> <span class='ocrx_word' id='word_1_166' title='bbox 1085 1525 1378 1562; x_wconf 86' lang='lat' dir='ltr'><strong>candidioribus</strong></span> 
     </span>
    </p>

    <p class='ocr_par' dir='ltr' id='par_1_5' title="bbox 111 1585 1380 1637">
     <span class='ocr_line' id='line_1_24' title="bbox 111 1585 1380 1637; baseline 0.001 -16"><span class='ocrx_word' id='word_1_167' title='bbox 111 1590 174 1622; x_wconf 80' lang='lat'><strong>204</strong></span> <span class='ocrx_word' id='word_1_168' title='bbox 192 1590 305 1637; x_wconf 88' lang='lat' dir='ltr'><strong>potui</strong></span> <span class='ocrx_word' id='word_1_169' title='bbox 327 1587 521 1631; x_wconf 89' lang='lat' dir='ltr'><strong>iucunda;</strong></span> <span class='ocrx_word' id='word_1_170' title='bbox 558 1587 728 1624; x_wconf 84' lang='lat' dir='ltr'><strong>alteram</strong></span> <span class='ocrx_word' id='word_1_171' title='bbox 750 1587 918 1624; x_wconf 82' lang='lat' dir='ltr'><strong>insulam</strong></span> <span class='ocrx_word' id='word_1_172' title='bbox 944 1587 1151 1623; x_wconf 84' lang='lat' dir='ltr'><strong>Iunoniam</strong></span> <span class='ocrx_word' id='word_1_173' title='bbox 1173 1585 1380 1636; x_wconf 82' lang='lat' dir='ltr'><strong>appellari,</strong></span> 
     </span>
    </p>
   </div>
   <div class='ocr_carea' id='block_1_3' title="bbox 481 1687 1091 1729">
    <p class='ocr_par' dir='ltr' id='par_1_6' title="bbox 481 1687 1091 1729">
     <span class='ocr_line' id='line_1_25' title="bbox 481 1687 1091 1729; baseline 0 -9"><span class='ocrx_word' id='word_1_174' title='bbox 481 1689 492 1708; x_wconf 88' lang='lat'>¹</span> <span class='ocrx_word' id='word_1_175' title='bbox 520 1687 574 1720; x_wconf 73' lang='lat' dir='ltr'><strong>VJ.</strong></span> <span class='ocrx_word' id='word_1_176' title='bbox 591 1699 737 1729; x_wconf 89' lang='lat' dir='ltr'><strong>quorum</strong></span> <span class='ocrx_word' id='word_1_177' title='bbox 754 1701 760 1720; x_wconf 90' lang='lat'><strong>:</strong></span> <span class='ocrx_word' id='word_1_178' title='bbox 792 1688 949 1729; x_wconf 80' lang='lat' dir='ltr'><strong>Mayhoff</strong></span> <span class='ocrx_word' id='word_1_179' title='bbox 962 1698 1030 1729; x_wconf 91' lang='lat' dir='ltr'><strong>quo</strong></span> <span class='ocrx_word' id='word_1_180' title='bbox 1046 1689 1091 1720; x_wconf 85' lang='lat' dir='ltr'><strong>in.</strong></span> 
     </span>
    </p>
   </div>
   <div class='ocr_carea' id='block_1_4' title="bbox 241 1815 1251 1986">
    <p class='ocr_par' dir='ltr' id='par_1_7' title="bbox 242 1815 1132 1848">
     <span class='ocr_line' id='line_1_26' title="bbox 242 1815 1132 1848; baseline 0 -1"><span class='ocrx_word' id='word_1_181' title='bbox 242 1821 256 1836; x_wconf 80' lang='lat'><em>⁰</em></span> <span class='ocrx_word' id='word_1_182' title='bbox 279 1817 350 1848; x_wconf 81' lang='lat' dir='ltr'><strong>The</strong></span> <span class='ocrx_word' id='word_1_183' title='bbox 371 1817 540 1848; x_wconf 67' lang='lat' dir='ltr'><strong>Canariae.</strong></span> <span class='ocrx_word' id='word_1_184' title='bbox 813 1815 825 1836; x_wconf 75' lang='lat'><em>⁶</em></span> <span class='ocrx_word' id='word_1_185' title='bbox 849 1816 1132 1847; x_wconf 75' lang='lat' dir='ltr'><strong>Fucrteventurn..</strong></span> 
     </span>
    </p>

    <p class='ocr_par' dir='ltr' id='par_1_8' title="bbox 241 1858 1005 1891">
     <span class='ocr_line' id='line_1_27' title="bbox 241 1858 1005 1891; baseline 0 -1"><span class='ocrx_word' id='word_1_186' title='bbox 241 1865 252 1879; x_wconf 88' lang='lat'><em>‘</em></span> <span class='ocrx_word' id='word_1_187' title='bbox 276 1859 388 1891; x_wconf 73' lang='lat' dir='ltr'><strong>Ferro.</strong></span> <span class='ocrx_word' id='word_1_188' title='bbox 811 1858 826 1878; x_wconf 75' lang='lat'><strong>⁶¹</strong></span> <span class='ocrx_word' id='word_1_189' title='bbox 849 1859 1005 1891; x_wconf 85' lang='lat' dir='ltr'><strong>Gomera.</strong></span> 
     </span>
    </p>

    <p class='ocr_par' dir='ltr' id='par_1_9' title="bbox 241 1900 1251 1986">
     <span class='ocr_line' id='line_1_28' title="bbox 241 1900 1251 1942; baseline 0 -9"><span class='ocrx_word' id='word_1_190' title='bbox 241 1908 253 1921; x_wconf 79' lang='lat'><strong><em>‘</em></strong></span> <span class='ocrx_word' id='word_1_191' title='bbox 274 1902 346 1934; x_wconf 78' lang='lat' dir='ltr'><strong>The</strong></span> <span class='ocrx_word' id='word_1_192' title='bbox 364 1902 479 1933; x_wconf 86' lang='lat' dir='ltr'><strong>Island</strong></span> <span class='ocrx_word' id='word_1_193' title='bbox 495 1902 534 1933; x_wconf 86' lang='lat' dir='ltr'><strong>os</strong></span> <span class='ocrx_word' id='word_1_194' title='bbox 545 1901 723 1934; x_wconf 80' lang='lat' dir='ltr'><strong>Teneriffc.</strong></span> <span class='ocrx_word' id='word_1_195' title='bbox 811 1901 827 1926; x_wconf 77' lang='lat' dir='ltr'><em>J</em></span> <span class='ocrx_word' id='word_1_196' title='bbox 846 1901 953 1933; x_wconf 76' lang='lat' dir='ltr'><strong>Groat</strong></span> <span class='ocrx_word' id='word_1_197' title='bbox 969 1901 1104 1942; x_wconf 79' lang='lat' dir='ltr'><strong>Canary</strong></span> <span class='ocrx_word' id='word_1_198' title='bbox 1123 1900 1251 1933; x_wconf 69' lang='lat' dir='ltr'><strong>laland.</strong></span> 
     </span>
     <span class='ocr_line' id='line_1_29' title="bbox 241 1943 1095 1986; baseline -0.001 -9"><span class='ocrx_word' id='word_1_199' title='bbox 241 1951 254 1969; x_wconf 84' lang='lat'><strong><em>¹</em></strong></span> <span class='ocrx_word' id='word_1_200' title='bbox 276 1946 349 1982; x_wconf 84' lang='lat' dir='ltr'><strong>1.e.,</strong></span> <span class='ocrx_word' id='word_1_201' title='bbox 367 1947 412 1977; x_wconf 71' lang='lat' dir='ltr'><strong>its</strong></span> <span class='ocrx_word' id='word_1_202' title='bbox 428 1945 513 1977; x_wconf 78' lang='lat' dir='ltr'><strong>level</strong></span> <span class='ocrx_word' id='word_1_203' title='bbox 530 1945 674 1977; x_wconf 78' lang='lat' dir='ltr'><strong>surfaco.</strong></span> <span class='ocrx_word' id='word_1_204' title='bbox 809 1943 824 1964; x_wconf 59' lang='grc' dir='ltr'><strong>Α</strong></span> <span class='ocrx_word' id='word_1_205' title='bbox 846 1943 909 1976; x_wconf 86' lang='lat' dir='ltr'><strong>See</strong></span> <span class='ocrx_word' id='word_1_206' title='bbox 926 1947 942 1985; x_wconf 85' lang='lat'><strong>§</strong></span> <span class='ocrx_word' id='word_1_207' title='bbox 957 1945 1095 1986; x_wconf 77' lang='lat' dir='ltr'><em>201fin.</em></span> 
     </span>
    </p>
   </div>
   <div class='ocr_carea' id='block_1_5' title="bbox 188 1987 959 2096">
    <p class='ocr_par' dir='ltr' id='par_1_10' title="bbox 188 1987 959 2096">
     <span class='ocr_line' id='line_1_30' title="bbox 243 1987 959 2026; baseline -0.001 -6"><span class='ocrx_word' id='word_1_208' title='bbox 243 1988 252 2008; x_wconf 56' lang='grc' dir='ltr'>ί</span> <span class='ocrx_word' id='word_1_209' title='bbox 271 1989 343 2020; x_wconf 85' lang='lat' dir='ltr'><strong>The</strong></span> <span class='ocrx_word' id='word_1_210' title='bbox 360 1988 468 2021; x_wconf 82' lang='lat' dir='ltr'><strong>Greek</strong></span> <span class='ocrx_word' id='word_1_211' title='bbox 488 1999 587 2020; x_wconf 77' lang='lat' dir='ltr'><strong>name</strong></span> <span class='ocrx_word' id='word_1_212' title='bbox 604 1988 644 2019; x_wconf 87' lang='lat' dir='ltr'><strong>of</strong></span> <span class='ocrx_word' id='word_1_213' title='bbox 658 1987 838 2025; x_wconf 79' lang='lat' dir='ltr'><strong>Pluvialia,</strong></span> <span class='ocrx_word' id='word_1_214' title='bbox 855 1989 869 2026; x_wconf 71' lang='grc' dir='ltr'><strong>ξ</strong></span> <span class='ocrx_word' id='word_1_215' title='bbox 884 1989 959 2020; x_wconf 90' lang='grc'><strong>202.</strong></span> 
     </span>
     <span class='ocr_line' id='line_1_31' title="bbox 188 2051 261 2096; baseline 0 -9"><span class='ocrx_word' id='word_1_216' title='bbox 188 2051 261 2096; x_wconf 86' lang='grc'><strong>488</strong></span> 
     </span>
    </p>
   </div>
  </div>
 </body>
</html>
