<?xml version="1.0" encoding="UTF-8"?>
<!DOCTYPE html PUBLIC "-//W3C//DTD XHTML 1.0 Transitional//EN"
    "http://www.w3.org/TR/xhtml1/DTD/xhtml1-transitional.dtd">
<html xmlns="http://www.w3.org/1999/xhtml" xml:lang="en" lang="en">
 <head>
  <title>
</title>
<meta http-equiv="Content-Type" content="text/html;charset=utf-8" />
  <meta name='ocr-system' content='tesseract 3.04.00' />
  <meta name='ocr-capabilities' content='ocr_page ocr_carea ocr_par ocr_line ocrx_word'/>
</head>
<body>
  <div class='ocr_page' id='page_1' title='image "./naturalhistory02plinuoft/naturalhistory02plinuoft_0064.png"; bbox 0 0 1515 2351; ppageno 0'>
   <div class='ocr_carea' id='block_1_1' title="bbox 148 277 189 308">
    <p class='ocr_par' dir='ltr' id='par_1_1' title="bbox 148 277 189 308">
     <span class='ocr_line' id='line_1_1' title="bbox 148 277 189 308; baseline 0.024 -1"><span class='ocrx_word' id='word_1_1' title='bbox 148 277 189 308; x_wconf 84' lang='lat'>63</span> 
     </span>
    </p>
   </div>
   <div class='ocr_carea' id='block_1_2' title="bbox 151 1052 194 1082">
    <p class='ocr_par' dir='ltr' id='par_1_2' title="bbox 151 1052 194 1082">
     <span class='ocr_line' id='line_1_2' title="bbox 151 1052 194 1082; baseline 0 0"><span class='ocrx_word' id='word_1_2' title='bbox 151 1052 194 1082; x_wconf 83' lang='lat'>64</span> 
     </span>
    </p>
   </div>
   <div class='ocr_carea' id='block_1_3' title="bbox 154 1568 198 1599">
    <p class='ocr_par' dir='ltr' id='par_1_3' title="bbox 154 1568 198 1599">
     <span class='ocr_line' id='line_1_3' title="bbox 154 1568 198 1599; baseline 0 0"><span class='ocrx_word' id='word_1_3' title='bbox 154 1568 198 1599; x_wconf 85' lang='lat'>65</span> 
     </span>
    </p>
   </div>
   <div class='ocr_carea' id='block_1_4' title="bbox 416 103 1202 142">
    <p class='ocr_par' dir='ltr' id='par_1_4' title="bbox 416 103 1202 142">
     <span class='ocr_line' id='line_1_4' title="bbox 416 103 1202 142; baseline 0 -1"><span class='ocrx_word' id='word_1_4' title='bbox 416 103 606 142; x_wconf 88' lang='lat' dir='ltr'>PLINY:</span> <span class='ocrx_word' id='word_1_5' title='bbox 660 103 925 141; x_wconf 84' lang='lat' dir='ltr'>NATURAL</span> <span class='ocrx_word' id='word_1_6' title='bbox 963 103 1202 142; x_wconf 88' lang='lat' dir='ltr'>HISTORY</span> 
     </span>
    </p>
   </div>
   <div class='ocr_carea' id='block_1_5' title="bbox 216 206 1413 1872">
    <p class='ocr_par' dir='ltr' id='par_1_5' title="bbox 219 206 1405 387">
     <span class='ocr_line' id='line_1_5' title="bbox 219 206 1404 258; baseline 0 -13"><span class='ocrx_word' id='word_1_7' title='bbox 219 208 428 245; x_wconf 84' lang='lat' dir='ltr'>Minervae</span> <span class='ocrx_word' id='word_1_8' title='bbox 477 207 660 244; x_wconf 84' lang='lat' dir='ltr'>Sirenum</span> <span class='ocrx_word' id='word_1_9' title='bbox 711 207 914 257; x_wconf 84' lang='lat' dir='ltr'>quondam</span> <span class='ocrx_word' id='word_1_10' title='bbox 963 206 1072 244; x_wconf 91' lang='lat' dir='ltr'>sede.</span> <span class='ocrx_word' id='word_1_11' title='bbox 1128 210 1331 258; x_wconf 85' lang='lat' dir='ltr'>navigatio</span> <span class='ocrx_word' id='word_1_12' title='bbox 1380 221 1404 245; x_wconf 87' lang='lat' dir='ltr'>a</span> 
     </span>
     <span class='ocr_line' id='line_1_6' title="bbox 219 271 1405 322; baseline 0 -13"><span class='ocrx_word' id='word_1_13' title='bbox 219 272 377 310; x_wconf 88' lang='lat' dir='ltr'>Cerceis</span> <span class='ocrx_word' id='word_1_14' title='bbox 401 278 435 310; x_wconf 76' lang='grc' dir='ltr'>ῑῑ</span> <span class='ocrx_word' id='word_1_15' title='bbox 461 271 511 309; x_wconf 89' lang='lat' dir='ltr'>de</span> <span class='ocrx_word' id='word_1_16' title='bbox 538 277 639 310; x_wconf 54' lang='grc' dir='ltr'>ἰῇ</span> <span class='ocrx_word' id='word_1_17' title='bbox 666 276 795 321; x_wconf 87' lang='lat' dir='ltr'>patet.</span> <span class='ocrx_word' id='word_1_18' title='bbox 849 273 960 321; x_wconf 88' lang='lat' dir='ltr'>regio</span> <span class='ocrx_word' id='word_1_19' title='bbox 988 284 1037 308; x_wconf 90' lang='lat' dir='ltr'>ea</span> <span class='ocrx_word' id='word_1_20' title='bbox 1065 284 1089 308; x_wconf 89' lang='lat' dir='ltr'>a</span> <span class='ocrx_word' id='word_1_21' title='bbox 1115 271 1249 309; x_wconf 88' lang='lat' dir='ltr'>Tiberi</span> <span class='ocrx_word' id='word_1_22' title='bbox 1276 275 1405 322; x_wconf 88' lang='lat' dir='ltr'>prima</span> 
     </span>
     <span class='ocr_line' id='line_1_7' title="bbox 219 335 1109 387; baseline -0.001 -13"><span class='ocrx_word' id='word_1_23' title='bbox 219 337 362 374; x_wconf 86' lang='lat' dir='ltr'>Italiae</span> <span class='ocrx_word' id='word_1_24' title='bbox 380 342 562 373; x_wconf 89' lang='lat' dir='ltr'>servatur</span> <span class='ocrx_word' id='word_1_25' title='bbox 580 349 629 373; x_wconf 84' lang='lat' dir='ltr'>ex</span> <span class='ocrx_word' id='word_1_26' title='bbox 647 336 904 387; x_wconf 83' lang='lat' dir='ltr'>discriptione</span> <span class='ocrx_word' id='word_1_27' title='bbox 922 335 1109 386; x_wconf 81' lang='lat' dir='ltr'>Augusti.</span> 
     </span>
    </p>

    <p class='ocr_par' dir='ltr' id='par_1_6' title="bbox 216 399 1413 1872">
     <span class='ocr_line' id='line_1_8' title="bbox 270 399 1406 451; baseline 0 -13"><span class='ocrx_word' id='word_1_28' title='bbox 270 401 384 438; x_wconf 83' lang='lat' dir='ltr'>Intus</span> <span class='ocrx_word' id='word_1_29' title='bbox 405 401 585 438; x_wconf 90' lang='lat' dir='ltr'>coloniae</span> <span class='ocrx_word' id='word_1_30' title='bbox 608 400 747 450; x_wconf 84' lang='lat' dir='ltr'>Capua</span> <span class='ocrx_word' id='word_1_31' title='bbox 769 400 819 437; x_wconf 89' lang='lat' dir='ltr'>ab</span> <span class='ocrx_word' id='word_1_32' title='bbox 841 406 890 439; x_wconf 61' lang='lat' dir='ltr'>&gt;Ta</span> <span class='ocrx_word' id='word_1_33' title='bbox 910 413 948 450; x_wconf 91' lang='lat' dir='ltr'>p.</span> <span class='ocrx_word' id='word_1_34' title='bbox 971 413 1114 451; x_wconf 85' lang='lat' dir='ltr'>campo</span> <span class='ocrx_word' id='word_1_35' title='bbox 1136 399 1259 445; x_wconf 85' lang='lat' dir='ltr'>dicta,</span> <span class='ocrx_word' id='word_1_36' title='bbox 1281 400 1406 451; x_wconf 89' lang='lat' dir='ltr'>Aqui-</span> 
     </span>
     <span class='ocr_line' id='line_1_9' title="bbox 218 463 1405 510; baseline 0 -8"><span class='ocrx_word' id='word_1_37' title='bbox 218 479 328 510; x_wconf 89' lang='lat' dir='ltr'>num,</span> <span class='ocrx_word' id='word_1_38' title='bbox 362 465 521 510; x_wconf 85' lang='lat' dir='ltr'>Suessa,</span> <span class='ocrx_word' id='word_1_39' title='bbox 556 465 791 509; x_wconf 86' lang='lat' dir='ltr'>Venafrum,</span> <span class='ocrx_word' id='word_1_40' title='bbox 825 463 937 509; x_wconf 89' lang='lat' dir='ltr'>Sora‚</span> <span class='ocrx_word' id='word_1_41' title='bbox 971 464 1153 502; x_wconf 87' lang='lat' dir='ltr'>Teanum</span> <span class='ocrx_word' id='word_1_42' title='bbox 1187 464 1405 502; x_wconf 89' lang='lat' dir='ltr'>Sidicinum</span> 
     </span>
     <span class='ocr_line' id='line_1_10' title="bbox 216 529 1407 581; baseline -0.002 -13"><span class='ocrx_word' id='word_1_43' title='bbox 216 533 469 581; x_wconf 86' lang='lat' dir='ltr'>cognomine,</span> <span class='ocrx_word' id='word_1_44' title='bbox 500 529 624 573; x_wconf 82' lang='lat' dir='ltr'>Nola3</span> <span class='ocrx_word' id='word_1_45' title='bbox 668 529 815 579; x_wconf 91' lang='lat' dir='ltr'>oppida</span> <span class='ocrx_word' id='word_1_46' title='bbox 846 529 1093 574; x_wconf 87' lang='lat' dir='ltr'>Abellinum,</span> <span class='ocrx_word' id='word_1_47' title='bbox 1123 529 1271 574; x_wconf 87' lang='lat' dir='ltr'>Aricia,</span> <span class='ocrx_word' id='word_1_48' title='bbox 1302 529 1407 567; x_wconf 90' lang='lat' dir='ltr'>Alba</span> 
     </span>
     <span class='ocr_line' id='line_1_11' title="bbox 220 593 1407 646; baseline 0.001 -15"><span class='ocrx_word' id='word_1_49' title='bbox 220 595 374 646; x_wconf 87' lang='lat' dir='ltr'>Longa,</span> <span class='ocrx_word' id='word_1_50' title='bbox 419 595 626 639; x_wconf 85' lang='lat' dir='ltr'>Acerrani,</span> <span class='ocrx_word' id='word_1_51' title='bbox 671 593 851 637; x_wconf 87' lang='lat' dir='ltr'>Allifani,</span> <span class='ocrx_word' id='word_1_52' title='bbox 896 593 1099 638; x_wconf 86' lang='lat' dir='ltr'>Atinates,</span> <span class='ocrx_word' id='word_1_53' title='bbox 1144 594 1407 639; x_wconf 87' lang='lat' dir='ltr'>Aletrinates,</span> 
     </span>
     <span class='ocr_line' id='line_1_12' title="bbox 218 657 1407 711; baseline 0 -15"><span class='ocrx_word' id='word_1_54' title='bbox 218 660 436 711; x_wconf 83' lang='lat' dir='ltr'>Anagnini,</span> <span class='ocrx_word' id='word_1_55' title='bbox 456 659 649 703; x_wconf 83' lang='lat' dir='ltr'>Atellani,</span> <span class='ocrx_word' id='word_1_56' title='bbox 669 657 874 704; x_wconf 86' lang='lat' dir='ltr'>Aefulani,</span> <span class='ocrx_word' id='word_1_57' title='bbox 893 658 1125 708; x_wconf 81' lang='lat' dir='ltr'>Arpinates,</span> <span class='ocrx_word' id='word_1_58' title='bbox 1154 658 1407 703; x_wconf 80' lang='lat' dir='ltr'>Auximates,</span> 
     </span>
     <span class='ocr_line' id='line_1_13' title="bbox 219 722 1406 774; baseline 0 -13"><span class='ocrx_word' id='word_1_59' title='bbox 219 724 422 768; x_wconf 75' lang='lat' dir='ltr'>Abellam,</span> <span class='ocrx_word' id='word_1_60' title='bbox 459 723 658 761; x_wconf 79' lang='lat' dir='ltr'>Alfaterni</span> <span class='ocrx_word' id='word_1_61' title='bbox 699 724 759 774; x_wconf 90' lang='lat' dir='ltr'>(et</span> <span class='ocrx_word' id='word_1_62' title='bbox 797 726 863 774; x_wconf 91' lang='lat' dir='ltr'>qui</span> <span class='ocrx_word' id='word_1_63' title='bbox 903 736 952 760; x_wconf 82' lang='lat' dir='ltr'>ex</span> <span class='ocrx_word' id='word_1_64' title='bbox 991 736 1088 773; x_wconf 84' lang='lat' dir='ltr'>agro</span> <span class='ocrx_word' id='word_1_65' title='bbox 1126 722 1273 760; x_wconf 93' lang='lat' dir='ltr'>Latino</span> <span class='ocrx_word' id='word_1_66' title='bbox 1309 726 1406 761; x_wconf 87' lang='lat' dir='ltr'>item</span> 
     </span>
     <span class='ocr_line' id='line_1_14' title="bbox 219 787 1408 838; baseline -0.001 -13"><span class='ocrx_word' id='word_1_67' title='bbox 219 788 394 826; x_wconf 91' lang='lat' dir='ltr'>Hernico</span> <span class='ocrx_word' id='word_1_68' title='bbox 433 791 530 826; x_wconf 89' lang='lat' dir='ltr'>item</span> <span class='ocrx_word' id='word_1_69' title='bbox 572 788 775 825; x_wconf 86' lang='lat' dir='ltr'>Labicano</span> <span class='ocrx_word' id='word_1_70' title='bbox 813 788 1178 838; x_wconf 80' lang='lat' dir='ltr'>cognominantur),</span> <span class='ocrx_word' id='word_1_71' title='bbox 1217 787 1408 832; x_wconf 89' lang='lat' dir='ltr'>Bovillae,</span> 
     </span>
     <span class='ocr_line' id='line_1_15' title="bbox 219 852 1408 902; baseline 0 -13"><span class='ocrx_word' id='word_1_72' title='bbox 219 852 416 897; x_wconf 86' lang='lat' dir='ltr'>Caiatiae,</span> <span class='ocrx_word' id='word_1_73' title='bbox 444 852 648 897; x_wconf 90' lang='lat' dir='ltr'>Casinum,</span> <span class='ocrx_word' id='word_1_74' title='bbox 676 852 886 897; x_wconf 85' lang='lat' dir='ltr'>Calenum,</span> <span class='ocrx_word' id='word_1_75' title='bbox 914 852 1146 902; x_wconf 88' lang='lat' dir='ltr'>Capitulum</span> <span class='ocrx_word' id='word_1_76' title='bbox 1175 852 1408 897; x_wconf 88' lang='lat' dir='ltr'>Hernicum,</span> 
     </span>
     <span class='ocr_line' id='line_1_16' title="bbox 220 916 1408 968; baseline -0.002 -13"><span class='ocrx_word' id='word_1_77' title='bbox 220 917 423 955; x_wconf 87' lang='lat' dir='ltr'>Cereatini</span> <span class='ocrx_word' id='word_1_78' title='bbox 469 921 535 968; x_wconf 87' lang='lat' dir='ltr'>qui</span> <span class='ocrx_word' id='word_1_79' title='bbox 585 917 757 954; x_wconf 87' lang='lat' dir='ltr'>Mariani</span> <span class='ocrx_word' id='word_1_80' title='bbox 803 919 1151 968; x_wconf 86' lang='lat' dir='ltr'>cognominantur,</span> <span class='ocrx_word' id='word_1_81' title='bbox 1196 916 1340 954; x_wconf 90' lang='lat' dir='ltr'>Corani</span> <span class='ocrx_word' id='word_1_82' title='bbox 1386 930 1408 953; x_wconf 90' lang='lat' dir='ltr'>a</span> 
     </span>
     <span class='ocr_line' id='line_1_17' title="bbox 220 981 1410 1027; baseline 0 -8"><span class='ocrx_word' id='word_1_83' title='bbox 220 982 411 1019; x_wconf 87' lang='lat' dir='ltr'>Dardano</span> <span class='ocrx_word' id='word_1_84' title='bbox 429 982 600 1019; x_wconf 88' lang='lat' dir='ltr'>Troiano</span> <span class='ocrx_word' id='word_1_85' title='bbox 620 985 711 1026; x_wconf 88' lang='lat' dir='ltr'>orti,</span> <span class='ocrx_word' id='word_1_86' title='bbox 726 981 992 1025; x_wconf 86' lang='lat' dir='ltr'>Cubulterini,</span> <span class='ocrx_word' id='word_1_87' title='bbox 1012 981 1410 1027; x_wconf 87' lang='lat' dir='ltr'>Castrimoenienses,</span> 
     </span>
     <span class='ocr_line' id='line_1_18' title="bbox 223 1045 1410 1098; baseline -0.001 -14"><span class='ocrx_word' id='word_1_88' title='bbox 223 1046 449 1098; x_wconf 86' lang='lat' dir='ltr'>Cingulani,</span> <span class='ocrx_word' id='word_1_89' title='bbox 465 1047 682 1084; x_wconf 89' lang='lat' dir='ltr'>Fabienses</span> <span class='ocrx_word' id='word_1_90' title='bbox 703 1049 742 1083; x_wconf 90' lang='lat' dir='ltr'>in</span> <span class='ocrx_word' id='word_1_91' title='bbox 757 1052 896 1083; x_wconf 87' lang='lat' dir='ltr'>monte</span> <span class='ocrx_word' id='word_1_92' title='bbox 912 1046 1084 1091; x_wconf 87' lang='lat' dir='ltr'>Albano,</span> <span class='ocrx_word' id='word_1_93' title='bbox 1101 1045 1410 1096; x_wconf 89' lang='lat' dir='ltr'>Foropopulien-</span> 
     </span>
     <span class='ocr_line' id='line_1_19' title="bbox 221 1111 1410 1161; baseline -0.001 -12"><span class='ocrx_word' id='word_1_94' title='bbox 221 1125 283 1149; x_wconf 90' lang='lat' dir='ltr'>ses</span> <span class='ocrx_word' id='word_1_95' title='bbox 303 1125 352 1149; x_wconf 85' lang='lat' dir='ltr'>ex</span> <span class='ocrx_word' id='word_1_96' title='bbox 374 1111 556 1156; x_wconf 89' lang='lat' dir='ltr'>Falerno,</span> <span class='ocrx_word' id='word_1_97' title='bbox 577 1112 823 1155; x_wconf 85' lang='lat' dir='ltr'>Frusinates,</span> <span class='ocrx_word' id='word_1_98' title='bbox 844 1111 1139 1155; x_wconf 84' lang='lat' dir='ltr'>Ferentinates,</span> <span class='ocrx_word' id='word_1_99' title='bbox 1159 1111 1410 1161; x_wconf 83' lang='lat' dir='ltr'>Freginates,</span> 
     </span>
     <span class='ocr_line' id='line_1_20' title="bbox 223 1175 1410 1221; baseline 0 -8"><span class='ocrx_word' id='word_1_100' title='bbox 223 1176 458 1213; x_wconf 87' lang='lat' dir='ltr'>Fabraterni</span> <span class='ocrx_word' id='word_1_101' title='bbox 502 1176 686 1221; x_wconf 88' lang='lat' dir='ltr'>Veteres,</span> <span class='ocrx_word' id='word_1_102' title='bbox 730 1176 967 1213; x_wconf 85' lang='lat' dir='ltr'>Fabraterni</span> <span class='ocrx_word' id='word_1_103' title='bbox 1011 1175 1126 1219; x_wconf 94' lang='lat' dir='ltr'>Novi,</span> <span class='ocrx_word' id='word_1_104' title='bbox 1171 1175 1410 1220; x_wconf 87' lang='lat' dir='ltr'>Ficolenses,</span> 
     </span>
     <span class='ocr_line' id='line_1_21' title="bbox 222 1239 1411 1292; baseline -0.002 -14"><span class='ocrx_word' id='word_1_105' title='bbox 222 1241 464 1292; x_wconf 86' lang='lat' dir='ltr'>Fregellani,</span> <span class='ocrx_word' id='word_1_106' title='bbox 482 1241 626 1278; x_wconf 90' lang='lat' dir='ltr'>Forum</span> <span class='ocrx_word' id='word_1_107' title='bbox 646 1241 767 1290; x_wconf 86' lang='lat' dir='ltr'>Appi,</span> <span class='ocrx_word' id='word_1_108' title='bbox 786 1240 1017 1283; x_wconf 80' lang='lat' dir='ltr'>Forentani,</span> <span class='ocrx_word' id='word_1_109' title='bbox 1035 1239 1196 1284; x_wconf 85' lang='lat' dir='ltr'>Gabini,</span> <span class='ocrx_word' id='word_1_110' title='bbox 1215 1239 1411 1277; x_wconf 87' lang='lat' dir='ltr'>Interam-</span> 
     </span>
     <span class='ocr_line' id='line_1_22' title="bbox 222 1304 1411 1356; baseline 0.001 -15"><span class='ocrx_word' id='word_1_111' title='bbox 222 1311 338 1343; x_wconf 87' lang='lat' dir='ltr'>nates</span> <span class='ocrx_word' id='word_1_112' title='bbox 359 1305 537 1343; x_wconf 89' lang='lat' dir='ltr'>Sucasini</span> <span class='ocrx_word' id='word_1_113' title='bbox 559 1308 627 1356; x_wconf 86' lang='lat' dir='ltr'>qui</span> <span class='ocrx_word' id='word_1_114' title='bbox 650 1312 692 1343; x_wconf 86' lang='lat' dir='ltr'>et</span> <span class='ocrx_word' id='word_1_115' title='bbox 714 1305 925 1342; x_wconf 85' lang='lat' dir='ltr'>Lirenates</span> <span class='ocrx_word' id='word_1_116' title='bbox 947 1310 1154 1349; x_wconf 82' lang='lat' dir='ltr'>vocantur,</span> <span class='ocrx_word' id='word_1_117' title='bbox 1177 1304 1411 1349; x_wconf 90' lang='lat' dir='ltr'>Ilionenses,</span> 
     </span>
     <span class='ocr_line' id='line_1_23' title="bbox 224 1369 1411 1415; baseline -0.001 -8"><span class='ocrx_word' id='word_1_118' title='bbox 224 1370 421 1415; x_wconf 84' lang='lat' dir='ltr'>Lanivini‚</span> <span class='ocrx_word' id='word_1_119' title='bbox 468 1370 660 1415; x_wconf 88' lang='lat' dir='ltr'>Norbani,</span> <span class='ocrx_word' id='word_1_120' title='bbox 708 1369 966 1414; x_wconf 84' lang='lat' dir='ltr'>Nomentani,</span> <span class='ocrx_word' id='word_1_121' title='bbox 1014 1369 1264 1406; x_wconf 84' lang='lat' dir='ltr'>Praenestini</span> <span class='ocrx_word' id='word_1_122' title='bbox 1312 1369 1411 1406; x_wconf 88' lang='lat' dir='ltr'>urbe</span> 
     </span>
     <span class='ocr_line' id='line_1_24' title="bbox 223 1433 1412 1485; baseline -0.002 -13"><span class='ocrx_word' id='word_1_123' title='bbox 223 1435 426 1485; x_wconf 89' lang='lat' dir='ltr'>quondam</span> <span class='ocrx_word' id='word_1_124' title='bbox 441 1434 647 1485; x_wconf 84' lang='lat' dir='ltr'>Stephane</span> <span class='ocrx_word' id='word_1_125' title='bbox 663 1435 787 1479; x_wconf 89' lang='lat' dir='ltr'>dieta,</span> <span class='ocrx_word' id='word_1_126' title='bbox 803 1434 1072 1478; x_wconf 87' lang='lat' dir='ltr'>Privernates,</span> <span class='ocrx_word' id='word_1_127' title='bbox 1087 1433 1229 1478; x_wconf 90' lang='lat' dir='ltr'>Setini,</span> <span class='ocrx_word' id='word_1_128' title='bbox 1244 1433 1412 1484; x_wconf 89' lang='lat' dir='ltr'>Signini,</span> 
     </span>
     <span class='ocr_line' id='line_1_25' title="bbox 223 1497 1413 1549; baseline -0.001 -12"><span class='ocrx_word' id='word_1_129' title='bbox 223 1499 466 1544; x_wconf 86' lang='lat' dir='ltr'>Suessulani,</span> <span class='ocrx_word' id='word_1_130' title='bbox 483 1499 671 1543; x_wconf 88' lang='lat' dir='ltr'>Telesini,</span> <span class='ocrx_word' id='word_1_131' title='bbox 688 1499 903 1536; x_wconf 85' lang='lat' dir='ltr'>Trebulani</span> <span class='ocrx_word' id='word_1_132' title='bbox 922 1501 1159 1549; x_wconf 86' lang='lat' dir='ltr'>cognomine</span> <span class='ocrx_word' id='word_1_133' title='bbox 1178 1497 1413 1543; x_wconf 85' lang='lat' dir='ltr'>Ballienses,</span> 
     </span>
     <span class='ocr_line' id='line_1_26' title="bbox 225 1562 1413 1608; baseline -0.001 -7"><span class='ocrx_word' id='word_1_134' title='bbox 225 1563 412 1608; x_wconf 87' lang='lat' dir='ltr'>Trebani,</span> <span class='ocrx_word' id='word_1_135' title='bbox 436 1564 663 1608; x_wconf 73' lang='lat' dir='ltr'>Tusculani,</span> <span class='ocrx_word' id='word_1_136' title='bbox 688 1563 722 1600; x_wconf 93' lang='lat' dir='ltr'>V</span> <span class='ocrx_word' id='word_1_137' title='bbox 725 1563 892 1607; x_wconf 88' lang='lat' dir='ltr'>erulani,</span> <span class='ocrx_word' id='word_1_138' title='bbox 916 1563 1126 1607; x_wconf 85' lang='lat' dir='ltr'>Veliterni,</span> <span class='ocrx_word' id='word_1_139' title='bbox 1151 1562 1413 1608; x_wconf 86' lang='lat' dir='ltr'>Ulubrenses,</span> 
     </span>
     <span class='ocr_line' id='line_1_27' title="bbox 226 1628 1412 1679; baseline -0.001 -14"><span class='ocrx_word' id='word_1_140' title='bbox 226 1628 471 1674; x_wconf 87' lang='lat' dir='ltr'>Urbanates,</span> <span class='ocrx_word' id='word_1_141' title='bbox 522 1642 722 1679; x_wconf 86' lang='lat' dir='ltr'>superque</span> <span class='ocrx_word' id='word_1_142' title='bbox 774 1628 902 1665; x_wconf 84' lang='lat' dir='ltr'>Roma</span> <span class='ocrx_word' id='word_1_143' title='bbox 953 1630 1052 1678; x_wconf 87' lang='lat' dir='ltr'>ipsa,</span> <span class='ocrx_word' id='word_1_144' title='bbox 1103 1630 1214 1665; x_wconf 87' lang='lat' dir='ltr'>euius</span> <span class='ocrx_word' id='word_1_145' title='bbox 1266 1640 1412 1664; x_wconf 88' lang='lat' dir='ltr'>nomen</span> 
     </span>
     <span class='ocr_line' id='line_1_28' title="bbox 224 1691 1413 1731; baseline 0 -1"><span class='ocrx_word' id='word_1_146' title='bbox 224 1693 396 1730; x_wconf 89' lang='lat' dir='ltr'>alterum</span> <span class='ocrx_word' id='word_1_147' title='bbox 433 1693 565 1731; x_wconf 88' lang='lat' dir='ltr'>dicere</span> <span class='ocrx_word' id='word_1_148' title='bbox 602 1693 706 1730; x_wconf 86' lang='lat' dir='ltr'>nisil</span> <span class='ocrx_word' id='word_1_149' title='bbox 743 1695 896 1730; x_wconf 90' lang='lat' dir='ltr'>arcanis</span> <span class='ocrx_word' id='word_1_150' title='bbox 931 1695 1263 1730; x_wconf 87' lang='lat' dir='ltr'>caerimoniarum</span> <span class='ocrx_word' id='word_1_151' title='bbox 1299 1691 1413 1730; x_wconf 81' lang='lat' dir='ltr'>nefas</span> 
     </span>
     <span class='ocr_line' id='line_1_29' title="bbox 225 1756 1413 1808; baseline -0.003 -13"><span class='ocrx_word' id='word_1_152' title='bbox 225 1757 411 1802; x_wconf 86' lang='lat' dir='ltr'>habetur,</span> <span class='ocrx_word' id='word_1_153' title='bbox 438 1761 672 1808; x_wconf 85' lang='lat' dir='ltr'>optimaque</span> <span class='ocrx_word' id='word_1_154' title='bbox 700 1764 742 1795; x_wconf 86' lang='lat' dir='ltr'>et</span> <span class='ocrx_word' id='word_1_155' title='bbox 767 1757 933 1794; x_wconf 87' lang='lat' dir='ltr'>salutari</span> <span class='ocrx_word' id='word_1_156' title='bbox 962 1757 1039 1794; x_wconf 83' lang='lat' dir='ltr'>fide</span> <span class='ocrx_word' id='word_1_157' title='bbox 1066 1756 1262 1793; x_wconf 85' lang='lat' dir='ltr'>abolitum</span> <span class='ocrx_word' id='word_1_158' title='bbox 1289 1768 1413 1793; x_wconf 88' lang='lat' dir='ltr'>enun-</span> 
     </span>
     <span class='ocr_line' id='line_1_30' title="bbox 225 1821 1413 1872; baseline -0.003 -13"><span class='ocrx_word' id='word_1_159' title='bbox 225 1825 342 1859; x_wconf 86' lang='lat' dir='ltr'>tiavit</span> <span class='ocrx_word' id='word_1_160' title='bbox 374 1821 555 1859; x_wconf 87' lang='lat' dir='ltr'>Valerius</span> <span class='ocrx_word' id='word_1_161' title='bbox 586 1821 774 1865; x_wconf 90' lang='lat' dir='ltr'>Soranus,</span> <span class='ocrx_word' id='word_1_162' title='bbox 805 1821 960 1872; x_wconf 88' lang='lat' dir='ltr'>luitque</span> <span class='ocrx_word' id='word_1_163' title='bbox 992 1834 1084 1857; x_wconf 86' lang='lat' dir='ltr'>mox</span> <span class='ocrx_word' id='word_1_164' title='bbox 1116 1833 1279 1870; x_wconf 89' lang='lat' dir='ltr'>poenas.</span> <span class='ocrx_word' id='word_1_165' title='bbox 1334 1833 1413 1857; x_wconf 89' lang='lat' dir='ltr'>non</span> 
     </span>
    </p>
   </div>
   <div class='ocr_carea' id='block_1_6' title="bbox 231 1942 1120 2075">
    <p class='ocr_par' dir='ltr' id='par_1_7' title="bbox 231 1942 1120 2075">
     <span class='ocr_line' id='line_1_31' title="bbox 514 1942 1120 1976; baseline -0.002 -1"><span class='ocrx_word' id='word_1_166' title='bbox 514 1945 522 1964; x_wconf 87' lang='lat'>¹</span> <span class='ocrx_word' id='word_1_167' title='bbox 550 1945 610 1975; x_wconf 79' lang='lat' dir='ltr'>nisi</span> <span class='ocrx_word' id='word_1_168' title='bbox 626 1943 700 1976; x_wconf 79' lang='lat' dir='ltr'>add.</span> <span class='ocrx_word' id='word_1_169' title='bbox 720 1944 905 1975; x_wconf 78' lang='lat' dir='ltr'>Mommsen</span> <span class='ocrx_word' id='word_1_170' title='bbox 919 1943 993 1975; x_wconf 79' lang='lat' dir='ltr'>coll.</span> <span class='ocrx_word' id='word_1_171' title='bbox 1007 1942 1120 1975; x_wconf 82' lang='lat' dir='ltr'><strong><em>0.1.L.</em></strong></span> 
     </span>
     <span class='ocr_line' id='line_1_32' title="bbox 231 2031 276 2075; baseline 0 -9"><span class='ocrx_word' id='word_1_172' title='bbox 231 2031 276 2075; x_wconf 81' lang='grc'>48</span> 
     </span>
    </p>
   </div>
  </div>
 </body>
</html>
