1515 2351
119 667 178 698 135

125 1542 185 1573 136

397 118 565 156 PLINY
578 132 587 155 :
640 117 906 155 NATURAL
942 115 1180 154 HISTORY

198 224 307 262 dicta
323 229 397 261 est.
452 222 543 260 hinc
560 222 772 273 Caryanda
787 235 879 259 cum
894 222 1065 272 oppid0;
1094 234 1167 258 nec
1183 219 1319 270 procul
1333 218 1384 256 ab

199 297 458 334 Halicarnaso
510 295 707 332 Pidossus.
762 298 803 332 in
853 294 1059 332 Ceramico
1110 299 1247 331 autem
1297 295 1384 330 sinu

200 370 476 419 Priaponesos,
494 368 762 418 Hipponesos,
780 367 984 412 Pserema,
1002 367 1192 417 Lampsa,
1209 367 1387 416 Aemyn-

200 443 288 486 dus,
312 441 488 485 Passala,
512 441 651 484 Crusa‚
675 439 978 491 Pyrrhaeciusa,
1001 439 1183 490 Sepiusa,
1208 437 1387 481 Melam,

200 515 446 566 paulumque
483 528 504 550 a
542 516 778 551 continente
814 513 967 550 distans
1005 525 1109 563 quae
1146 517 1288 549 vocata
1325 515 1387 547 est

201 587 480 636 Cinaedopolis
499 587 697 636 probrosis
716 586 769 623 ibi
789 586 936 623 relictis
955 599 978 622 a
995 598 1092 636 rege
1110 578 1355 622 Alexandro.

251 660 461 698 XXXVII.
494 659 631 696 Ioniae
656 672 724 696 ora
750 660 911 709 Aegeas
938 664 980 696 et
1005 657 1172 695 Corseas
1195 655 1321 693 habet
1347 661 1389 693 et

203 735 356 777 Icaron,
383 733 434 770 de
461 746 540 783 qua
567 732 719 769 dictum
747 737 823 775 est,
851 731 992 768 Laden
1020 743 1124 781 quae
1150 733 1258 780 prius
1285 728 1390 766 Late

202 807 433 849 vocabatur,
456 811 581 855 atque
603 809 709 842 inter
731 804 926 855 ignobiles
949 803 1104 854 aliquot
1126 803 1226 840 duas
1248 801 1390 839 Came-

202 880 292 917 litas
317 879 462 916 Mileto
486 881 646 921 vicinas,
672 877 862 928 Mycalae
884 876 1078 927 Trogilias
1101 882 1198 919 tres,
1222 874 1390 918 Philion‚

203 955 436 1004 Argennon,
490 951 720 995 Sandalion,
779 949 926 987 Samon
992 949 1158 986 liberam
1223 950 1390 985 circuitu

205 1038 359 1062 nuxvu
390 1038 416 1062 D
445 1030 529 1068 aut,
551 1030 596 1060 ut
626 1024 815 1068 Isidorus,
836 1024 869 1060 E.
929 1021 1188 1060 Partheniam
1219 1024 1390 1071 primum

205 1098 450 1150 appellatam
464 1097 704 1134 Aristoteles
714 1096 854 1140 tradit,
864 1101 1006 1146 postea
1020 1095 1235 1146 Dryusam,
1245 1094 1392 1131 deinde

205 1171 522 1214 Anthemusam;
577 1171 837 1207 Aristocritus
877 1169 996 1206 adicit
1042 1166 1393 1218 Melamphyllum,

204 1246 297 1283 dein
318 1244 602 1295 Cyparissiam,
616 1243 681 1280 alii
704 1241 1130 1285 Parthenoarrhusam,
1145 1239 1390 1290 Stephauen.

205 1331 342 1355 amnes
376 1320 417 1354 in
450 1330 498 1354 ea
534 1316 751 1360 Imbrasus,
785 1314 966 1359 Chesius,
1000 1312 1227 1357 Hibiethes‚
1260 1313 1392 1350 fontes

208 1389 419 1442 Gigartho,
472 1388 720 1433 Leucothea,
770 1401 883 1426 mons
935 1387 1152 1425 Cercetius.
1207 1385 1393 1424 adiacent

207 1464 359 1501 insulae
380 1462 583 1513 Rhypara,
603 1461 856 1512 Nymphaea,
875 1460 1069 1498 Achillea.

259 1535 491 1573 XXXVIII.
523 1534 599 1572 Par
631 1534 817 1572 claritate
853 1534 903 1570 ab
939 1546 986 1570 ea
1021 1533 1146 1570 distat
1181 1533 1270 1568 x‘c‘ffi
1303 1544 1393 1569 cum

209 1609 356 1660 oppido
375 1608 494 1646 Chios
514 1608 653 1652 libera,
673 1620 793 1658 quam
814 1605 1045 1644 Aethaliam
1067 1604 1248 1655 Ephorus
1267 1607 1395 1655 prisco

209 1685 370 1720 nomine
395 1681 589 1731 appellat,
616 1679 873 1717 Metrodorus
899 1686 942 1717 et
967 1678 1181 1716 Cleobulus
1206 1676 1347 1714 Chiam
1372 1690 1394 1713 a

210 1755 362 1793 Chione
378 1753 570 1806 nympha,
585 1753 707 1804 aliqui
723 1767 746 1790 a
762 1756 866 1796 nive,
883 1758 924 1789 et
942 1751 1098 1789 Macrin
1115 1757 1157 1788 et
1173 1750 1393 1801 Pityusam.

210 1835 391 1866 montem
404 1827 530 1865 habet
541 1826 818 1869 Pelinnaeum,
829 1839 1002 1862 marmor
1012 1823 1189 1861 Chium.¹
1228 1825 1394 1860 circuitu

211 1903 308 1938 effic?
329 1901 495 1951 colligit,
517 1906 561 1937 ut
583 1905 740 1936 veteres
761 1898 980 1940 tradidere,
1005 1897 1176 1934 Isidorus
1198 1897 1238 1930 ΓΧ
1259 1895 1393 1932 adicit.

496 1980 507 1999 ¹
532 1980 698 2019 [marmor
714 1978 878 2017 ChiumJ'!
907 1977 1087 2010 leuch-ham.

205 2039 274 2076 322
