1515 2351
162 479 202 510 46

159 1187 201 1217 47

159 1703 203 1734 48

431 111 622 149 PLINY:
676 111 941 149 NATURAL
978 111 1217 149 HISTORY

227 216 361 255 Sicilia
379 229 454 261 MD,
471 228 495 254 a
513 215 686 266 Corcyra
711 219 841 253 minus
861 221 973 259 π,
996 215 1048 252 ab
1071 215 1156 253 Issa
1177 221 1215 254 i..
1267 216 1418 254 incedit

227 294 300 331 per
324 283 451 317 maria
483 280 585 317 caeli
615 282 780 331 regione
809 279 861 317 ad
890 279 1100 317 meridiem
1129 279 1307 330 quidem,
1332 280 1418 326 sed,

227 348 258 383 si
290 348 377 395 quis
408 344 447 382 id
477 344 661 395 diligenti
692 343 920 382 subtilitate
950 347 1103 395 exigat,
1125 347 1231 382 inter
1259 351 1418 382 sextam

227 409 367 447 horam
387 412 639 459 primamque
657 408 894 446 brumalem.

286 474 401 511 Nunc
424 474 621 511 ambitum
647 476 732 510 eius
754 473 955 523 urbesque
979 473 1317 518 enumerabimus,
1339 487 1419 524 qua

229 541 268 575 in
296 551 338 576 re
366 537 540 588 praefari
568 540 835 575 necessarium
864 543 927 575 est
953 543 1159 575 auctorem
1185 551 1257 576 nos
1283 538 1419 575 divum

229 603 461 653 Augustum
482 608 704 647 secuturos,
725 602 1107 652 discriptionemque
1129 602 1179 639 ab
1201 615 1249 640 eo
1269 602 1418 640 factam

230 667 375 704 Italiae
392 669 517 705 totius
534 669 575 703 in
592 669 775 717 regiones
793 679 847 711 Χῐ,
864 666 936 704 sed
952 666 1091 704 ordine
1109 679 1156 704 eo
1174 669 1241 718 qui
1258 666 1419 704 litorum

228 737 361 769 tractu
408 731 500 775 fiet;
558 731 717 768 urbium
761 731 925 781 quidem
969 733 1195 769 vicinitates
1238 734 1420 769 oratione

228 799 370 846 utique
387 809 658 846 praepropera
675 798 822 833 servari
841 808 920 832 non
933 808 1065 845 posse,
1078 798 1217 846 itaque
1229 798 1420 834 interiore

230 863 323 898 exin
366 866 484 911 parte
527 860 796 911 digestionem
840 862 880 896 in
924 859 1081 898 litteras
1125 859 1306 898 eiusdem
1349 873 1420 898 nos

227 930 449 969 secuturos,
487 924 733 962 coloniarum
771 926 978 962 mentione
1017 927 1178 975 signata
1216 937 1315 975 quas
1352 924 1420 963 ille

230 991 270 1026 in
317 1002 365 1026 eo
411 988 588 1039 prodidit
645 1002 823 1026 numero.
882 1002 955 1026 nec
1010 991 1110 1027 situs
1166 991 1420 1040 originesque

229 1056 415 1104 persequi
454 1053 572 1090 facile
611 1059 674 1091 est
714 1053 905 1104 Ingaunis
945 1053 1258 1104 Liguribus—ut
1295 1056 1420 1091 ceteri

228 1121 619 1169 omittantur—agro
638 1121 773 1155 tricies
792 1118 903 1155 dato.

285 1182 415 1233 Igitur
453 1182 505 1219 ab
545 1195 663 1219 amne
704 1182 809 1220 Varo
849 1182 999 1220 Nicaea
1038 1195 1062 1219 a
1104 1182 1421 1221 Massiliensibus

228 1247 450 1291 conditum,
491 1246 632 1284 fluvius
673 1246 784 1292 Palo,
824 1246 949 1297 Alpes
988 1247 1207 1298 populique
1249 1247 1420 1297 Inalpini

229 1311 365 1348 multis
395 1311 636 1355 nominibus,
666 1311 738 1349 sed
767 1314 943 1349 maxime
973 1310 1185 1361 Capillati;
1229 1311 1420 1362 oppidum

229 1375 534 1413 vediantiorum
576 1379 750 1414 civitatis
793 1376 1014 1421 Cemenilo,
1056 1383 1195 1426 portus
1237 1376 1420 1415 Herculis

232 1440 434 1485 Monoeci,
457 1440 669 1491 Ligustina
690 1454 772 1478 ora.
829 1441 1022 1491 Ligurum
1043 1441 1293 1478 celeberrimi
1315 1441 1421 1478 ultra

229 1504 353 1554 Alpes
383 1504 522 1549 Sallui,
552 1505 758 1550 Deciates,
788 1505 937 1549 Oxubi,
965 1509 1066 1543 citra
1095 1505 1265 1550 Veneni,
1291 1505 1421 1551 Tun-i,

228 1568 328 1613 Soti,
342 1568 553 1620 Vagienni‚
565 1569 755 1614 Statielli,
766 1569 952 1614 Binbelli,
966 1569 1136 1614 Maielli,
1146 1570 1420 1615 Cuburriates,

229 1632 507 1678 Casmonates,
545 1633 764 1672 Velleiates
803 1641 846 1672 et
883 1648 1052 1685 quorum
1090 1634 1237 1684 oppida
1275 1637 1315 1672 in
1351 1648 1420 1672 ora

232 1701 414 1748 proxime
436 1698 627 1735 dicemus.
683 1698 832 1736 flumen
856 1698 1034 1743 Rutuba,
1056 1699 1247 1749 oppidum
1270 1699 1418 1737 Album

231 1762 482 1806 Intimilium,
524 1762 672 1800 flumen
718 1763 891 1808 Merula,
931 1763 1121 1814 oppidum
1164 1763 1313 1801 Album
1355 1763 1420 1800 In-

230 1839 424 1877 gaunum,
436 1833 575 1876 portus
588 1827 792 1864 vadorum
805 1827 1030 1872 Sabatium,
1042 1828 1192 1865 flumen
1204 1827 1419 1873 Porcifera,

439 1940 454 1955 ⁰
478 1937 559 1967 Now
581 1938 683 1969 Lissa.
702 1949 742 1968 an
762 1938 867 1968 island
887 1939 917 1968 in
938 1938 993 1968 the
1013 1937 1172 1969 Adriatic.

440 1979 453 1998 θ
475 1979 591 2010 About
605 1981 695 2015 sle..
711 1991 748 2010 so
764 1981 820 2011 the
836 1981 903 2011 line
917 1982 1074 2012 meantis
1088 1981 1201 2014 5³13.

234 2043 281 2091 36
