1515 2351
382 126 551 166 PLINY
565 141 574 165 :
626 126 891 165 NATURAL
928 125 1166 165 HISTORY

177 234 345 270 circuitu
379 237 518 276 ι’)ῖκῐῦ,
549 233 703 269 cervice
735 233 776 268 in
807 229 1064 268 latitudinem
1097 235 1207 269 εῖν.
1261 229 1366 268 ultra

177 304 271 328 eum
324 290 559 334 Namnetes,
612 292 719 327 intus
773 295 913 327 autem
966 289 1100 326 Aedui
1153 288 1366 334 foederati,

176 349 393 387 Carnuteni
443 349 656 393 foederati,
705 348 791 393 Boi,
841 347 1033 392 Senones,
1085 347 1249 385 Aulerci
1298 350 1366 398 qui

177 411 510 459 cognominantur
539 408 784 445 Eburovices
815 412 858 444 et
888 408 957 457 qui
986 406 1219 451 Cenomani,
1249 405 1367 444 Neldi

173 467 302 512 liberi,
324 465 462 511 Parisi‚
483 466 697 511 Tricasses,
722 465 933 510 Andicaw‘,
954 465 1204 510 Viducasses,
1224 464 1367 502 Bodio-

176 539 320 570 casses,
355 525 525 570 Venelli,
561 524 857 569 Coriosvelitcs,
893 523 1104 569 Diablinti,
1139 523 1367 569 Rhedones,

176 585 368 629 Turones,
402 585 559 629 Atesui,
593 583 797 621 Secusiani
829 582 961 628 liberi,
994 585 1034 620 in
1068 596 1237 634 quorum
1270 596 1366 634 agro

176 643 330 681 colonia
351 643 605 693 Lugdunum.

97 707 159 739 108
228 702 338 740 XIX.
369 703 635 752 Aquitanicae
685 707 779 738 sunt
829 700 1058 746 Ambilatri,
1108 701 1366 751 Anagnutes,

178 760 376 806 Pictones,
404 760 571 798 Santoni
598 760 727 805 liberi,
755 759 958 811 Bituriges
988 759 1104 797 liberi
1130 761 1367 810 cognomine

177 820 334 864 Vivisci,
370 821 564 870 Aquitani
600 819 707 856 unde
743 832 892 856 nomen
926 820 1169 869 provinciae,
1204 817 1368 856 Sedibo-

177 882 326 922 viates;
392 892 485 915 mox
536 881 577 915 in
627 878 818 929 oppidum
868 878 1089 916 contributi
1141 878 1369 923 Convenae,

175 938 354 988 Begerri‚
375 937 549 975 Tarbelli
571 937 946 987 Quattuorsignani,
969 936 1186 974 Cocosates
1207 936 1367 988 Sexsig-

176 999 283 1042 nani,
297 997 478 1042 Venami,
491 996 768 1041 Onobrisates,
782 995 950 1033 Belendi
964 1008 974 1040 ;
987 995 1111 1033 saltus
1125 995 1368 1047 Pyrenaeus,

175 1055 357 1106 infraque
406 1054 579 1100 Monesi,
626 1055 838 1093 Oscidates
888 1054 1090 1099 Montani,
1137 1053 1367 1106 Sybillates,

177 1115 383 1166 Camponi‚
424 1114 696 1159 Bercorcates,
734 1112 1002 1165 Pinpedunni,
1035 1113 1244 1159 Lassunni,
1275 1113 1366 1151 Vel-

175 1173 290 1219 lates,
331 1174 539 1219 Toruates,
584 1173 843 1217 Consoranni,
874 1173 1011 1217 Ausci,
1050 1172 1249 1218 Elusates,
1280 1172 1368 1211 Sot-

174 1235 310 1278 tiatcs,
342 1232 558 1271 Oscidates
587 1232 856 1283 Campestres,
885 1231 1110 1277 Succasses,
1139 1231 1368 1278 Latusates,

175 1291 447 1336 Basaboiates,
493 1291 645 1336 Vassci‚
684 1291 895 1336 Sennates,
935 1290 1203 1328 Cambolectri
1240 1292 1369 1342 Ages-

97 1355 159 1387 109
177 1354 339 1388 sinates.
395 1349 626 1388 Pictonibus
667 1352 792 1388 iuncti
833 1356 971 1388 autem
1011 1349 1212 1401 Bituriges
1251 1349 1367 1388 liberi

174 1413 240 1460 qui
260 1410 361 1447 Cubi
379 1409 648 1461 appellantur,
666 1409 762 1447 dein
781 1409 1030 1454 Lemovices,
1049 1409 1219 1446 Arverni
1235 1408 1367 1454 liberi,

177 1469 362 1506 Gabales.
417 1482 550 1506 rursus
584 1469 833 1506 Narbonensi
865 1470 1092 1520 provinciae
1125 1470 1365 1506 contermini

175 1528 340 1572 Ruteni,
373 1528 556 1573 Cadurci,
590 1528 862 1579 Nitiobroges,
893 1527 1106 1577 Tarneque
1140 1540 1258 1564 amne
1289 1527 1368 1564 dis-

174 1589 274 1624 creti
293 1600 317 1624 a
334 1587 537 1624 Tolosanis
557 1585 773 1624 Petrocori.

228 1645 359 1682 Maria
404 1648 509 1683 circa
555 1659 665 1683 oram
711 1645 763 1683 ad
809 1645 994 1683 Rhenum
1039 1645 1367 1696 septentrionalis

177 1717 365 1750 oceanus,
399 1707 505 1742 inter
538 1703 724 1742 Rhenum
759 1710 800 1742 et
835 1703 1063 1756 Sequanam
1097 1704 1365 1750 Britannicus,

174 1766 279 1801 inter
294 1777 386 1801 eum
407 1769 449 1800 et
469 1762 720 1814 Pyrenaeum
743 1763 928 1801 Gallicus.
985 1762 1135 1801 insulae
1155 1763 1365 1815 conplures

175 1822 436 1867 Venetorum,
471 1829 513 1860 et
549 1836 653 1873 quae
689 1822 910 1860 Veneticae
946 1821 1199 1874 appellantur
1246 1828 1288 1860 et
1324 1825 1366 1860 in

176 1882 418 1932 Aquitanico
436 1883 524 1919 sinu
544 1881 713 1919 Uliaros.

445 1993 460 2008 ⁰
483 1989 576 2021 Belle
594 1989 671 2027 Iule,
689 1989 870 2022 Morbihan
887 1989 956 2022 and
972 1989 1097 2022 others.

179 2063 247 2087 202
