1515 2351
625 436 827 483 LIBER
873 436 939 483 VI

152 541 167 572 1
253 535 283 572 Ι.
314 535 468 573 Ρυκτυ5
499 536 691 578 ΕυΧιΝυε,
720 541 841 572 antea
873 535 923 571 ab
952 533 1179 585 inhospitali
1209 534 1369 572 feritate

200 590 352 626 Axinus
391 588 632 639 appellatus,
669 588 858 638 peculiari
896 588 1041 624 invidia
1079 594 1247 625 naturae
1286 590 1371 624 sine

199 643 280 679 ullo
321 643 397 679 fine
436 641 678 692 indulgentis
717 641 897 678 aviditati
938 644 1056 678 maris
1097 647 1138 678 et
1177 644 1259 691 ipse
1299 639 1369 678 inl

200 696 401 745 Europam
447 696 666 745 Asiamque
712 694 902 732 funditur.
972 707 1051 731 non
1097 693 1229 731 fuerat
1275 696 1370 731 satis

199 762 348 786 oceano
394 749 564 786 ambisse
610 754 738 785 terras
782 754 823 785 et
869 754 1026 798 partem
1071 760 1206 785 earum
1254 753 1372 784 aucta

200 805 438 839 inmanitate
471 801 692 846 abstulisse,
726 814 804 838 non
836 804 1028 851 inrupisse
1061 799 1196 838 fractis
1229 803 1372 837 monti-

199 856 272 892 bus
287 855 490 905 Calpeque
506 855 665 892 Africae
681 855 813 891 avolsa
827 860 942 891 tanto
957 857 1104 891 maiora
1125 854 1371 891 absorbuisse

200 922 320 959 quam
347 909 551 958 reliquerit
577 910 721 958 spatia,
746 921 825 944 non
851 920 922 958 per
948 907 1253 957 Hellespontum
1281 906 1372 944 Pro-

199 962 364 1012 pontida
387 961 576 999 infudisse
597 964 741 999 iterum
762 964 876 998 terris
898 961 1118 998 devoratis:
1154 974 1176 997 a
1197 960 1371 1010 Bosporo

201 1029 358 1065 quoque
380 1018 419 1052 in
435 1015 554 1052 aliam
575 1017 808 1051 vastitatem
828 1014 1017 1064 panditur
1038 1014 1146 1050 nulla
1167 1017 1372 1058 satietate,

199 1069 324 1105 donec
352 1070 593 1118 exspatianti
619 1068 727 1105 lacus
757 1067 924 1105 Maeotii
950 1070 1130 1117 rapinam
1150 1080 1262 1104 suam
1288 1070 1372 1104 iun-

149 1126 169 1157 2
198 1128 308 1172 gant..
365 1124 496 1158 invitis
535 1121 606 1158 hoc·
645 1121 831 1158 accidisse
863 1123 978 1158 terris
1012 1120 1152 1157 indicio
1185 1126 1279 1158 sunt
1309 1126 1373 1158 tot

197 1178 405 1225 angustiae
421 1181 542 1225 atque
558 1181 642 1211 tam
657 1187 778 1224 parva
794 1180 961 1211 naturae
978 1176 1235 1224 repugnantis
1251 1176 1371 1211 inter-

199 1229 317 1272 valla,
333 1229 384 1265 ad
397 1228 704 1278 Hellespontum
723 1240 910 1265 nccaxxv
928 1241 981 1277 p.‚
998 1227 1049 1264 ad
1066 1227 1257 1277 Bosporos
1273 1227 1371 1264 duos

199 1281 261 1318 vel
281 1282 410 1318 bubus
432 1281 591 1318 meabili
611 1281 940 1318 transitu—unde
955 1293 1099 1317 nornen
1114 1280 1372 1324 ambobus,-

199 1338 321 1372 etiam
345 1335 544 1385 quaedam
566 1337 606 1371 in
627 1334 903 1372 dissociatione
925 1337 1168 1384 germanitas
1190 1347 1371 1371 concors:

198 1389 337 1424 alitum
377 1391 525 1438 quippe
560 1394 701 1425 cantus
737 1400 961 1437 canumque
998 1387 1166 1424 latratus
1204 1389 1371 1424 invicem

199 1442 428 1485 audiuntur,
462 1444 564 1478 vocis
599 1444 721 1478 etiam
755 1440 954 1477 humanae
986 1443 1236 1484 commercia,
1269 1443 1372 1477 inter

198 1495 296 1531 duos
328 1495 442 1531 orbes
474 1501 664 1532 manente
695 1494 916 1545 conloquio,
947 1496 1019 1530 nisi
1051 1507 1141 1531 cum
1172 1493 1212 1531 id
1243 1496 1371 1544 ipsum

198 1548 385 1585 auferunt
404 1551 524 1585 venti.

674 1633 685 1652 ¹
706 1632 757 1665 VJ.
775 1633 862 1665 inter

234 1765 248 1779 ‘²
271 1761 332 1792 See
356 1760 413 1791 lv.
439 1761 480 1791 76
496 1763 578 1792 note.
623 1761 723 1792 Some
743 1759 781 1791 of
799 1759 857 1791 the
876 1761 1030 1791 ancients
1049 1759 1197 1801 thought
1216 1759 1293 1791 that
1313 1759 1371 1791 the

189 1814 287 1834 name
303 1814 370 1834 was
385 1803 451 1834 due
467 1807 503 1834 to
518 1803 576 1834 the
592 1802 821 1843 inhospitable
834 1813 999 1844 savagery
1015 1802 1053 1834 os
1065 1803 1123 1834 the
1137 1803 1280 1834 nativos.

228 1846 241 1866 ¹²
263 1846 324 1877 I.e.
343 1846 468 1877 double
486 1856 597 1887 paces,
615 1856 677 1886 say
695 1849 714 1877 5
733 1846 813 1878 fect.

230 1895 241 1908 ‘
263 1889 335 1920 The
344 1889 512 1920 Thracian
523 1889 590 1920 and
602 1889 659 1920 the
671 1889 873 1920 Cimmerian
886 1888 1074 1929 Boeporus;
1104 1888 1163 1919 the
1173 1888 1289 1919 name*
1303 1888 1368 1919 Ox-

189 1930 286 1969 sord:
307 1932 478 1972 supposed
499 1936 536 1963 to
558 1932 598 1962 be
617 1932 683 1963 due
705 1936 741 1962 to
762 1931 810 1969 Io,
832 1931 907 1962 who
927 1941 964 1962 aa
983 1941 1005 1962 a
1023 1941 1095 1962 cow
1116 1930 1289 1962 travereed
1309 1930 1367 1962 the

188 1974 312 2006 former
328 1975 438 2012 struit,
457 1985 525 2006 was
542 1974 613 2006 also
629 1975 729 2015 given
747 1978 785 2005 to
802 1973 926 2005 othere.

189 2038 261 2084 338
