1515 2351
153 361 194 391 80

156 915 194 946 81

160 1778 200 1807 83

420 129 610 168 PLINY:
664 129 928 168 NATURAL
966 128 1203 167 HISTORY

219 235 391 283 rigorem
423 232 627 283 quendam
656 235 973 281 torvitatemque
998 236 1167 268 naturae
1193 230 1334 267 duram
1363 235 1406 267 et

220 294 493 338 inflexibilem,
544 293 791 344 affectusque
835 292 1030 330 humanos
1075 292 1230 337 adimit,
1269 291 1406 342 quales

219 358 369 396 ἀπαθεῖς
400 356 543 392 Graeci
573 361 718 392 vocant
748 354 894 391 multos
925 356 1009 391 eius
1039 355 1197 404 generis
1236 355 1407 403 experti,

222 416 410 467 quodque
448 419 593 453 mirum
630 419 696 460 sit,
727 422 910 453 auctores
953 417 1127 452 maxime
1170 416 1407 465 sapientiae,

223 479 435 528 Diogenen
515 477 723 528 Cynicum,
806 476 1067 528 Pyrrhonem,
1144 475 1408 520 Heraclitum,

221 540 446 584 Timonem,
460 539 565 576 hunc
583 539 745 589 quidem
764 541 887 576 etiam
903 541 943 574 in
959 541 1083 575 totius
1099 537 1235 574 odium
1250 539 1408 588 generis

222 601 385 638 humani
416 607 614 638 evectum.
663 601 734 638 sed
763 600 862 637 haec
891 613 1013 650 parva
1042 605 1210 636 naturae
1239 601 1408 649 insignia

224 666 263 700 in
293 663 428 700 multis
459 665 567 699 varia
596 668 905 713 cognoscuntur,
935 667 979 698 ut
1006 664 1046 697 in
1082 662 1259 698 Antonia
1289 661 1407 697 Drusi

223 738 442 774 numquam
482 727 682 774 expuisse,
721 726 760 760 in
798 722 1017 773 Pomponio
1054 721 1248 759 consulari
1289 727 1410 772 poeta

224 799 302 823 non
345 792 536 823 ructasse.
582 786 726 836 quibus
766 791 911 822 natura
950 789 1137 821 concreta
1176 789 1269 820 sunt
1308 796 1410 827 ossa,

225 850 289 898 qui
315 854 407 884 sunt
429 850 505 884 rari
528 847 760 891 admodum,
785 849 918 883 cornei
943 851 1147 882 vocantur.

271 909 360 946 XX.
393 908 567 959 Corpore
588 922 704 945 vesco
718 908 789 945 sed
803 910 958 945 eximiis
979 908 1125 944 viribus
1140 906 1350 944 Tritanum
1370 909 1409 943 in

224 971 461 1021 gladiatorio
511 970 604 1007 ludo
654 969 894 1006 Samnitium
944 975 1147 1006 armatura
1194 968 1410 1013 celebrem,

225 1032 430 1082 filiumque
460 1034 544 1069 eius
573 1032 742 1068 militem
774 1031 914 1081 Magni
946 1029 1110 1080 Pompei
1139 1035 1182 1067 et
1210 1035 1339 1067 rectos
1369 1035 1411 1066 et

225 1100 422 1131 traversos
451 1093 703 1130 cancellatim
733 1098 820 1130 toto
848 1105 1012 1143 corpore
1041 1091 1227 1128 habuisse
1256 1104 1411 1135 nervos,

226 1158 266 1192 in
294 1155 465 1192 brachiis
496 1157 619 1192 ctiam
649 1155 929 1204 manibusque,
959 1159 1098 1190 auctor
1127 1158 1189 1190 est
1218 1152 1342 1189 Varro
1371 1154 1410 1189 in

225 1217 541 1268 prodigiosarum
565 1218 706 1253 virium
729 1216 938 1260 relatione,
961 1221 1084 1265 atque
1108 1217 1231 1252 etiam
1254 1213 1412 1251 hostem

226 1280 276 1315 ab
308 1292 355 1316 eo
387 1291 436 1316 ex
468 1280 749 1328 provocatione
781 1277 1041 1314 dimicantem
1072 1279 1212 1313 inermi
1243 1275 1412 1313 dextera

226 1346 460 1390 superatum
494 1346 537 1377 et
570 1346 772 1389 postremo
805 1344 1034 1388 correptum
1068 1351 1146 1374 uno
1179 1337 1336 1388 digit01
1372 1339 1411 1374 in

182 1415 188 1421 ·
225 1408 357 1438 castra
381 1402 585 1438 tralatum.
641 1407 683 1438 at
707 1401 873 1437 Vinnius
898 1400 1043 1436 Valens
1067 1401 1213 1436 meruit
1236 1401 1276 1435 in
1299 1411 1412 1449 prae-

227 1466 328 1500 torio
366 1463 445 1500 divi
485 1464 659 1513 Augusti
697 1465 892 1506 centurio,
931 1460 1112 1498 vehicula
1149 1474 1239 1497 cum
1276 1459 1412 1497 culleis

227 1531 371 1562 onusta
407 1524 534 1561 donec
571 1526 874 1561 exinanirentur
909 1525 1105 1559 sustinere
1142 1522 1294 1565 solitus,
1329 1534 1412 1558 car-

227 1593 352 1636 penta
374 1585 625 1635 adprehensa
647 1598 726 1622 una
747 1598 867 1622 manu
889 1587 1063 1621 retinere
1085 1584 1254 1620 obnixus
1273 1588 1412 1620 contra

228 1649 450 1684 nitentibus
490 1649 693 1691 iumentis,
733 1652 776 1683 et
815 1646 892 1682 alia
931 1645 1095 1682 mirifica
1136 1644 1267 1682 facere
1308 1657 1411 1695 quae

228 1709 425 1759 insculpta
472 1711 719 1745 monimento
766 1710 850 1745 eius
896 1713 1142 1758 spectantur.
1197 1706 1304 1743 idem
1352 1705 1410 1742 M.

226 1771 372 1807 Varro:
417 1771 424 1782 ‘
445 1769 712 1814 Rusticelius,'
744 1772 887 1819 inquit,
926 1769 933 1780 ‘
955 1768 1148 1805 Hercules
1186 1767 1412 1818 appellatus

228 1832 379 1869 mulum
407 1845 522 1869 suum
549 1831 731 1875 tollebat,
754 1830 887 1867 Fufius
908 1829 1060 1867 Salvius
1083 1829 1162 1867 duo
1182 1831 1413 1866 centenaria

359 1923 369 1941 ¹
396 1931 464 1952 uno
480 1921 588 1962 digito
604 1920 655 1951 hic
673 1920 843 1960 Mayhoff:
876 1924 952 1951 ante
968 1923 1167 1960 superatum
1185 1917 1274 1950 codd.

674 1998 688 2012 ·
712 1992 764 2033 cs.
785 1994 799 2032 ς
818 1994 859 2022 78
877 1974 999 2023 abo—vo.

232 2057 302 2104 558
