1515 2351
392 158 583 196 PLINY:
635 156 902 195 NATURAL
938 154 1176 194 HISTORY

195 262 339 300 Rostra
364 264 406 299 in
429 261 614 298 columna
638 260 764 297 tradit
789 259 897 296 bello
924 258 1072 295 Punico
1097 260 1226 307 primo
1251 270 1276 294 a
1303 256 1376 294 M'.

196 316 355 353 Valerio
376 315 552 352 Messala
573 327 652 352 cos.
672 313 816 351 Catina
837 318 957 362 capta
974 314 1013 348 in
1031 311 1177 355 Sicilia,
1193 310 1380 360 deporta-

196 376 283 406 tum
311 369 403 406 inde
429 374 520 418 post
548 381 622 405 xxx
648 380 771 404 annos
799 379 920 417 quam
946 365 997 403 de
1028 364 1240 414 Papiriano
1267 363 1378 401 horo.

195 423 301 472 logio
337 422 527 466 traditur,
571 434 675 457 anno
720 420 827 457 urbis
872 431 1114 456 ccchxxxxi.
1169 430 1243 455 nec
1287 430 1381 455 con-

196 476 397 526 gruebant
439 475 489 512 ad
532 474 648 512 horas
692 477 776 511 eius
817 473 951 517 liniae,
991 477 1212 522 paruerunt
1242 476 1381 508 tamen

199 533 232 566 ei
253 532 365 566 annis
384 529 670 572 undecentum,
687 527 814 565 donec
833 526 881 573 Q.
905 526 1079 563 Marcius
1095 524 1299 574 Philippus
1316 526 1381 574 qui

197 596 288 620 cum
308 582 352 619 L.
372 582 511 619 Paullo
527 581 603 619 fuit
620 594 761 618 censor
777 580 1008 630 diligentius
1025 578 1254 616 ordinatum
1270 580 1383 614 iuxta

198 639 352 686 posuit;
386 635 507 686 idque
528 648 670 672 munus
691 638 797 671 inter
815 636 996 671 censoria
1015 645 1138 683 opera
1156 633 1383 682 gratissime

159 697 175 724 .·
199 696 410 739 acceptum
447 695 521 726 est.
577 691 700 726 etiam
736 694 824 725 tum
859 693 998 724 tamen
1034 685 1170 722 nubilo
1205 688 1384 722 incertae

200 743 313 780 suere
353 742 476 780 horae
517 755 642 792 usque
683 741 735 779 ad
773 744 1000 791 proximum
1041 739 1234 782 lustrum3
1288 744 1384 775 tunc

200 796 330 846 Scipio
364 796 507 833 Nasica
538 795 693 845 collega
724 794 912 831 Laenatis
941 797 1091 843 primus
1120 805 1224 842 aqua
1252 791 1386 828 divisit

201 850 316 887 horas
340 862 469 900 aeque
495 852 672 886 noctium
704 862 749 886 ac
784 848 955 891 dierum,
984 847 1105 897 idque
1136 845 1385 895 horologium

202 904 276 940 sub
306 909 416 941 tecto
444 903 591 940 dicavit
621 916 725 939 anno
754 902 862 938 urbis
893 914 1014 938 Dxcv:
1052 899 1207 937 tamdiu
1237 898 1386 948 populo

203 957 382 994 Romano
398 956 613 994 indiscreta
629 956 696 993 lux
714 955 803 993 suit.

255 1010 369 1048 Nune
388 1016 692 1060 praevertemur
706 1010 719 1034 ¹
742 1009 794 1046 ad
812 1008 966 1058 reliqua
981 1007 1182 1051 animalia,
1196 1008 1385 1056 primum-

203 1077 282 1114 que
301 1067 521 1102 terrestria.

415 1157 430 1180 1
456 1158 613 1200 Maykoff
622 1171 629 1190 ι
655 1162 868 1190 revertemur
882 1159 941 1190 aut
957 1160 1172 1188 revertamur

211 2091 284 2143 650
