1515 2351
414 135 540 173 PLIN
546 135 581 172 Y
595 149 604 173 z
657 135 922 173 NATURAL
959 134 1200 174 HISTORY

211 241 400 276 notitiam
429 240 514 276 eius
543 238 732 276 Romanis
761 240 880 276 armis
908 251 988 275 non
1017 238 1122 276 ultra
1147 241 1399 277 vicinitatem

212 292 283 329 silv
285 305 332 329 ae
366 291 597 329 Calidoniae
628 293 957 343 propagantibus.
1012 293 1194 343 Agrippa
1225 293 1399 344 longitu-

212 345 347 382 dinem
387 359 481 384 occe
516 358 617 390 esse,
653 345 909 382 latitudinem
947 351 1014 384 c—cc
1048 345 1190 391 credit,
1226 346 1397 384 eandem

134 405 196 436 103
216 399 447 444 Hiberniae,
485 399 557 436 sed
594 398 887 449 longitudinem
928 413 972 437 cc
1011 401 1217 436 minorem.
1282 413 1401 450 super

213 465 303 489 eam
332 451 432 489 haec
460 455 537 489 sita
566 452 682 489 abest
709 452 943 489 brevissimo
971 455 1144 490 transitu
1171 466 1196 490 a
1224 451 1398 490 Silurum

212 512 336 556 gente
361 511 448 544 Εἰς.
502 505 745 556 reliquarum
781 505 888 542 nulla
917 518 1014 542 cxxv
1038 505 1206 556 amplior
1231 509 1399 544 circuitu

211 559 403 610 proditur.
461 565 555 597 sunt
581 565 718 596 autem
751 571 798 596 xt.
823 558 1000 596 Orcades
1029 559 1194 596 modicis
1223 562 1329 597 inter
1355 572 1399 597 se

211 612 409 650 discretae
428 615 581 664 spatiis,
599 625 655 649 vn
674 612 894 657 Acmodae,
912 625 987 650 xxx
1006 613 1213 658 Hebudes,
1231 619 1274 650 et
1293 615 1399 650 inter

214 665 450 703 Hiberniam
480 679 525 703 ac
554 665 803 703 Britanniam
830 665 968 710 Mona,
996 665 1201 716 Monapia‚
1226 665 1400 717 Riginia,

213 719 362 763 Vectis,
405 719 618 763 Silumnus,
662 719 834 764 Andros,
875 719 979 756 infra
1021 732 1114 757 vero
1156 719 1312 758 Sambis
1355 725 1399 757 et

212 773 436 818 Axanthos,
451 779 494 810 et
508 774 558 810 ab
573 773 739 810 adversa
753 776 793 810 in
808 773 1094 810 Germanicum
1108 786 1219 811 mare
1232 786 1395 824 sparsae

213 826 474 864 Glaesariae1
528 840 626 877 quas
681 826 903 864 Electridas
959 826 1103 864 Graeci
1156 830 1401 865 recentiores

135 884 195 916 104
216 880 482 931 appellavere,
509 880 617 931 quod
642 881 696 917 ibi
723 880 918 917 electrum
946 886 1195 918 nasceretur.
1260 880 1402 918 ultima

213 936 391 971 omnium
427 947 530 984 quae
565 940 840 971 memorantur
888 933 1003 984 Tyle,
1038 936 1079 970 in
1114 947 1194 984 qua
1227 933 1400 972 solstitio

213 987 339 1024 nullas
372 1001 458 1025 esse
490 993 629 1024 noctes
660 987 934 1031 indicavimus,
965 989 1097 1024 cancri
1127 990 1286 1038 signum
1317 987 1399 1025 sole

213 1046 464 1085 transeunte,
510 1041 716 1091 nullosque
761 1046 901 1078 contra
945 1054 1018 1091 per
1061 1041 1246 1078 brumam
1291 1040 1401 1085 dies;

212 1093 288 1131 hoc
304 1095 467 1145 quidam
483 1097 588 1132 senis
605 1095 807 1132 mensibus
821 1096 1020 1131 continuis
1038 1094 1124 1131 fieri
1139 1095 1397 1132 arbitrantur.

211 1148 398 1185 Timaeus
419 1147 627 1185 historicus
647 1161 670 1185 a
690 1148 896 1184 Britannia
915 1150 1129 1185 introrsum
1149 1161 1221 1185 sex
1242 1148 1399 1186 dierum

213 1204 467 1252 navigatione
509 1202 649 1238 abesse
690 1202 788 1238 dicit
828 1201 996 1238 insulam
1040 1201 1198 1238 Mietim
1238 1204 1279 1238 in
1319 1215 1398 1252 qua

211 1255 427 1292 candidum
460 1255 668 1305 plumbum
701 1257 931 1305 proveniat;
978 1255 1029 1291 ad
1062 1268 1152 1292 eam
1184 1254 1397 1292 Britannos

213 1308 387 1346 vitilibus
421 1311 588 1359 navigiis
620 1311 728 1345 corio
760 1311 1007 1345 circumsutis
1051 1310 1251 1358 navigare.
1307 1314 1400 1346 sunt

213 1364 279 1412 qui
317 1368 360 1399 et
397 1362 492 1398 alias
529 1362 716 1412 prodant,
753 1361 956 1406 Scandias,
988 1362 1206 1406 Dumnam,
1234 1361 1400 1413 Bergos,

213 1418 510 1466 maximamque
546 1418 723 1452 omnium
758 1415 964 1459 Berricen,
1001 1428 1051 1452 ex
1087 1428 1166 1465 qua
1198 1418 1239 1452 in
1273 1415 1400 1466 Tylen

212 1471 434 1520 navigetur.
502 1483 524 1506 a
567 1469 600 1506 T
601 1469 665 1519 yle
708 1471 823 1506 unius
865 1468 946 1506 diei
989 1471 1243 1519 navigatione
1286 1482 1397 1507 mare

211 1529 442 1560 concretum
461 1536 484 1559 a
501 1522 698 1559 nonnullis
717 1522 905 1559 Cronium
924 1522 1160 1572 appellatur.

546 1601 557 1620 ¹
583 1600 679 1637 Edd„
696 1600 738 1631 cf.
757 1601 851 1640 §972
877 1600 1041 1632 Glaeriae.

257 1706 467 1748 ‘Probably
485 1706 544 1737 the
563 1706 748 1747 Grampian
767 1704 864 1737 Hills.

260 1749 273 1769 θ
296 1749 406 1782 South
424 1750 464 1781 Ἃ
467 1749 546 1780 ales.

259 1793 355 1825 ‘See
369 1793 448 1833 97s
420 1793 498 1866 fin}⁴

260 1836 275 1854 ‘¹
299 1835 428 1867 Possibl
469 1835 569 1867 NW.
589 1835 749 1876 Norway.

256 1847 463 1918 ‘Probabfg
480 1878 530 1910 St.
550 1877 706 1909 Michael'
709 1888 725 1909 s
716 1845 864 1909 yMount
877 1877 928 1909 off
943 1877 1071 1910 Cornw
1066 1875 1122 1914 all,
1139 1877 1173 1908 in
1185 1877 1275 1919 spite
1288 1875 1327 1908 of
1339 1877 1398 1909 the

214 1921 370 1952 distance
386 1920 514 1952 stated.

253 1963 269 1988 Ι
290 1964 443 2006 Poesibly
461 1965 577 1996 Barra.

257 2015 270 2032 ¹
292 2007 446 2049 Pooeibly
463 2007 580 2040 Lewis.

221 2071 290 2117 198
