1515 2351
135 499 176 529 55

138 1361 180 1392 66

408 130 597 169 PLINY:
649 130 916 169 NATURAL
953 130 1191 169 HISTORY

205 235 384 272 faucibus
402 237 443 271 in
461 235 713 285 Aegyptium
731 247 842 271 mare
860 247 904 271 se
923 240 1099 279 evomat,
1115 236 1236 272 certis
1255 240 1392 272 tamen

203 320 345 358 dicbus
369 326 491 357 auctu
514 333 661 371 magno
684 333 757 370 per
779 325 910 357 totam
934 322 1134 369 spatiatus
1157 321 1393 372 Aegyptum

204 406 398 443 fecundus
418 409 577 443 innatat
596 411 742 443 terrae.

256 493 405 529 Causas
447 491 563 529 huius
606 494 843 530 incrementi
886 495 1013 530 varias
1053 492 1282 543 prodidere,
1322 493 1392 531 sed

205 581 379 616 maxime
399 578 627 629 probabiles
648 581 866 615 etesiarum
886 591 934 615 eo
954 585 1137 629 tempore
1158 592 1207 616 ex
1229 578 1394 616 adverso

206 664 389 702 flantium
421 678 714 715 repercussum,
747 664 852 701 ultra
883 666 924 700 in
956 677 1025 700 ora
1056 670 1148 701 acto
1179 667 1293 710 mari,
1324 671 1395 702 aut

206 751 352 788 imbres
377 749 619 801 Aethiopiae
645 753 817 788 aestivos
842 749 984 788 iisdem
1010 752 1146 787 etesiis
1171 750 1307 788 nubila
1329 750 1395 788 illo

206 837 429 874 ferentibus
462 849 484 874 e
516 836 670 887 reliquo
702 836 810 873 orbe.
865 836 1053 873 Timaeus
1085 835 1395 874 mathematicus

204 923 403 960 occultam
457 922 625 973 protulit
680 925 900 959 rationem:
970 920 1149 959 Phialam
1204 923 1395 974 appellari

208 1009 361 1047 fontem
394 1012 492 1054 eius,
525 1011 734 1059 mergique
767 1011 807 1045 in
839 1008 1040 1046 cuniculos
1073 1011 1202 1059 ipsum
1235 1022 1395 1047 amnem

207 1108 353 1145 vapore
385 1094 644 1132 anhelantem
678 1094 839 1131 fumidis
871 1095 1056 1132 cautibus
1089 1095 1156 1131 ubi
1188 1095 1395 1139 eonditur;

207 1195 345 1219 verum
380 1181 463 1219 sole
501 1195 573 1232 per
609 1194 676 1218 cos
713 1180 799 1218 dies
836 1183 1056 1218 comminus
1094 1180 1202 1218 facto
1239 1181 1394 1219 extrahi

207 1267 357 1305 ardoris
382 1270 419 1305 vi
448 1274 490 1305 et
517 1280 754 1318 suspensum
793 1267 998 1304 abundare
1025 1280 1071 1304 ac
1097 1280 1148 1304 ne
1182 1267 1396 1306 devoretur

207 1354 421 1398 abscondi3
456 1354 496 1391 id
518 1356 678 1391 evenire
700 1367 723 1390 a
743 1356 852 1391 canis
873 1359 965 1390 ortu
984 1367 1056 1404 per
1076 1356 1285 1391 introitum
1305 1354 1396 1392 solis

208 1444 247 1478 in
263 1440 436 1486 leonem,
452 1446 591 1478 contra
608 1439 941 1491 perpendiculum
959 1439 1080 1477 fontis
1097 1439 1228 1478 sidere
1246 1446 1396 1486 stante,

207 1541 298 1564 cum
340 1540 388 1564 eo
430 1532 564 1564 tractu
606 1527 870 1563 absumantur
911 1526 1332 1577 umbrae—plerisque
1374 1540 1394 1564 e

208 1613 363 1650 diverso
378 1615 552 1664 opinatis
567 1612 781 1662 largiorem
796 1611 921 1650 fluere
936 1611 987 1649 ad
1002 1614 1300 1662 septentriones
1313 1612 1395 1650 sole

208 1698 458 1744 discedente,
482 1698 589 1749 quod
615 1701 653 1734 in
677 1711 820 1735 cancro
845 1704 888 1735 et
910 1697 1026 1735 leone
1052 1701 1200 1743 evenit,
1223 1698 1395 1749 ideoque

209 1791 305 1822 tunc
319 1787 448 1822 minus
462 1787 616 1829 siccari,
628 1797 761 1822 rursus
776 1787 816 1821 in
828 1787 1105 1835 capricornum
1118 1791 1161 1822 et
1174 1787 1395 1822 austrinum

253 1968 267 1983 ⁰
289 1963 361 1994 Tho
371 1963 626 1994 south-eastern
637 1962 913 1994 Mediterranean
924 1962 1025 2003 along
1038 1963 1097 1994 tho
1108 1966 1206 1994 coast
1218 1962 1258 1994 of
1264 1963 1392 2005 Egypt.

251 2005 263 2025 ⁶
288 2007 396 2038 These
415 2006 502 2038 blow
522 2006 574 2038 for
593 2006 685 2047 forty
703 2007 790 2047 days
807 2010 845 2038 at
864 2006 1096 2038 midsummer.

213 2068 282 2104 260
