1515 2351
168 329 210 359 68

171 651 212 681 69

173 1077 214 1110 70

439 113 607 152 PLINY
622 127 631 151 ε
683 113 949 152 NATURAL
986 112 1225 152 HISTORY

237 223 309 255 aut
334 217 515 268 abruptis
541 217 760 261 montibus,
784 220 858 254 nisi
885 216 994 267 quod
1019 219 1291 267 exspatiantia
1313 222 1428 255 tecta

238 271 386 308 multas
405 271 597 308 addidere
617 271 748 308 urbes.

293 325 340 361 In
369 328 497 374 prima
526 327 690 374 regione
718 329 932 373 praeterea
960 322 1075 360 fuere
1103 326 1144 360 in
1174 323 1293 360 Latio
1320 323 1428 361 clara

238 377 386 427 oppida
437 377 650 422 Satricum,
702 376 900 421 Pometia,
950 376 1127 427 Scaptia,
1179 376 1428 421 Politorium,

237 431 418 474 Tellena,
460 430 610 475 Tifata,
653 430 847 474 Caenina,
891 430 1052 474 Ficana,
1095 430 1428 474 Crustumerium,

238 484 458 528 Ameriola,
510 483 753 528 Medullum,
803 483 1072 528 Corniculum,
1122 483 1310 520 Saturnia
1360 483 1427 521 ubi

239 551 343 575 nunc
373 537 500 574 Roma
529 543 606 581 est,
635 537 836 587 Antipolis
865 537 973 587 quod
1001 550 1106 574 nunc
1136 537 1359 574 Ianiculum
1387 540 1428 574 in

238 597 355 641 parte
380 591 547 635 Romae,
571 592 817 635 Antemnae,
841 590 1085 634 Camerium,
1108 590 1296 635 Collatia,
1318 591 1430 628 Ami-

241 647 387 688 tinum,
411 645 560 688 Norbe,
583 644 742 689 Sulm03
792 650 835 682 et
857 657 948 681 cum
972 647 1018 681 iis
1040 657 1203 681 carnem
1227 647 1267 681 in
1290 650 1429 681 monte

239 698 398 735 Albano
444 698 550 735 soliti
597 701 779 748 accipere
825 697 962 748 populi
1009 697 1221 741 Albenses,
1268 697 1430 742 Albani,

240 751 445 795 Aesolani,
494 752 724 795 Accienses,
774 751 962 795 Abolani,
1012 750 1227 795 Bubetani,
1275 750 1430 795 Bolani,

240 805 476 849 Cusuetani,
506 805 720 848 Coriolani,
751 804 982 848 Fidenates,
1014 804 1163 848 Foreti,
1194 804 1430 849 Hortenses,

242 858 510 903 Latinienses,
552 858 792 909 Longulani,
835 858 1040 902 Manates,
1082 857 1298 902 Macrales,
1339 858 1431 895 Mu-

241 915 414 956 nienses,
444 911 740 955 Numinienses‚
771 911 1000 956 Olliculani,
1030 910 1234 956 Octulani,
1265 911 1431 956 Pedam',

241 965 469 1010 Polluscini,
494 965 832 1016 Querquetulani,
856 965 1002 1009 Sicani,
1026 964 1259 1009 Sisolenses,
1282 965 1432 1003 Toleri-

241 1033 371 1063 enses,
395 1019 623 1064 Tutienses,
648 1019 903 1063 Vimitellari,
927 1018 1149 1062 Velienses,
1174 1018 1432 1063 Venetulani,

242 1073 497 1110 Vitellenses.
551 1076 613 1110 ita·
625 1086 675 1110 ex
691 1076 858 1123 antiquo
873 1072 991 1110 Latio
1004 1085 1074 1109 Lm
1093 1072 1229 1123 populi
1243 1075 1431 1110 interiere

241 1130 326 1164 sine
347 1129 539 1178 vestigiis.

293 1180 341 1217 In
370 1180 578 1230 Campano
607 1186 745 1217 autem
776 1192 872 1230 agro
901 1178 1067 1216 Stabiae
1096 1179 1289 1229 oppidum
1318 1179 1431 1217 fuere

241 1247 368 1284 usque
397 1233 448 1271 ad
475 1233 547 1271 Cn.
578 1233 814 1283 Pompeium
840 1232 885 1269 L.
913 1232 1111 1270 Catonem
1134 1246 1233 1270 coss.
1263 1246 1321 1283 pr.
1350 1232 1430 1270 kal.

244 1287 359 1331 Mai„
379 1301 458 1338 quo
479 1287 545 1324 die
567 1287 613 1324 L.
633 1286 744 1324 Sulla
764 1287 922 1337 legatus
941 1286 1049 1324 bello
1067 1286 1203 1324 sociali
1223 1285 1263 1323 id
1282 1285 1433 1324 delevit

242 1341 349 1391 quod
365 1354 470 1378 nunc
487 1344 526 1377 in
544 1341 679 1377 villam
696 1341 808 1378 abiit.
864 1340 1066 1377 intercidit
1083 1340 1137 1376 ibi
1154 1345 1196 1377 et
1210 1339 1433 1383 Taurania;

241 1401 335 1432 sunt
361 1398 580 1432 morientes
606 1394 768 1431 Casilini
795 1393 1001 1444 reliquiae.
1055 1399 1268 1443 praeterea
1294 1399 1434 1431 auctor

242 1455 303 1485 est
337 1449 483 1485 Antias
517 1448 709 1498 oppidum
744 1447 981 1484 Latinorum
1014 1447 1180 1496 Apiolas
1212 1452 1377 1497 captum
1409 1459 1433 1484 a

243 1501 289 1539 L.
322 1502 539 1552 Tarquinio
571 1515 682 1548 rege,
716 1514 766 1538 ex
798 1504 909 1538 cuius
942 1501 1093 1551 praeda
1125 1500 1369 1550 Capitolium
1400 1502 1433 1538 is

242 1554 501 1592 inchoaverit.
556 1568 579 1591 a
612 1553 848 1592 Surrentino
882 1554 933 1591 ad
967 1554 1136 1591 Silerum
1169 1567 1331 1592 amnem
1358 1566 1434 1591 xxx

244 1622 296 1646 m.
318 1622 356 1659 p.
379 1623 476 1659 ager
496 1608 727 1646 Picentinus
747 1608 824 1645 fuit
844 1608 1076 1652 Tuscorum,
1095 1607 1250 1658 templo
1270 1607 1432 1645 Iunonis

291 1802 305 1817 ⁰
326 1797 399 1830 The
435 1797 603 1829 reference
640 1798 667 1828 is
703 1800 740 1828 to
775 1797 893 1833 Tibur,
930 1795 1044 1828 Aricia.
1079 1796 1147 1828 and
1185 1795 1283 1828 other
1320 1795 1432 1838 places

244 1840 410 1872 absorbed
428 1841 460 1871 in
477 1840 536 1871 the
552 1840 732 1881 spreading
747 1840 905 1872 suburbe.

291 1884 302 1903 θ
328 1883 385 1915 I.e.
403 1887 440 1914 to
456 1883 554 1914 share
570 1885 603 1914 in
621 1882 797 1914 sacrifices.

287 1931 298 1945 ⁶
321 1927 373 1957 An
390 1926 445 1958 old
463 1931 556 1958 town
573 1926 725 1958 between
742 1926 883 1967 Pompei
899 1925 967 1957 and
984 1926 1156 1959 Son-ento.

286 1969 300 1988 ⁴
323 1972 365 2001 89
383 1978 448 2001 13.c.

249 2059 293 2096 52
