1515 2351
111 382 152 413 26

111 968 127 997 iv

133 968 150 997 «ι

381 125 467 164 PL}
476 127 572 164 NY:
625 127 891 164 NATURAL
928 127 1166 165 HISTORY

181 229 355 268 Pontum
408 230 615 267 defluente
668 237 710 267 et
764 229 991 267 Parihedris
1043 230 1246 268 montibus
1299 232 1365 281 qui

178 302 353 340 fundunt
374 303 594 340 Absarrum
615 303 788 339 discreta
808 302 858 339 ab
876 301 958 340 illa.

229 376 278 412 X.
309 376 436 426 Cyrus
467 378 592 413 oritur
622 378 663 412 in
692 374 908 412 Heniochis
939 376 1142 414 montibus
1173 390 1271 427 quos
1301 376 1364 414 alii

178 449 391 486 Coraxicos
442 461 650 492 vocavere,
700 449 855 486 Araxes
907 449 1049 486 eodem
1099 455 1238 487 monte
1288 463 1367 500 quo

179 521 406 572 Euphrates
435 522 475 559 ἦ
502 535 541 572 p.
571 521 798 566 intervallo,
826 528 1048 573 auctusque
1076 535 1195 560 amne
1224 522 1297 560 Usi
1325 528 1366 560 et

179 599 276 645 ipsc,
315 602 359 633 ut
397 595 532 646 plures
570 598 868 639 existimavere,
905 609 928 632 a
967 595 1071 646 Cyro
1108 595 1290 633 defertur
1326 598 1366 633 in

178 669 366 719 Caspium
389 682 512 706 mare.

229 742 390 792 Oppida
431 742 688 779 celebrantur
731 744 770 779 in
815 742 973 780 Minore
1014 742 1227 787 Caesarea,
1268 742 1367 787 Aza,

177 816 394 865 Nicopolis,
407 818 446 852 in
467 816 623 853 Maiore
641 816 900 853 Arsamosata
917 815 1113 865 Euphrati
1127 818 1367 865 proximum,

176 889 284 939 Tigri
307 887 647 932 Carcathiocerta,
670 891 708 925 in
731 888 888 926 excelso
910 894 1047 925 autem
1068 888 1367 939 Tigranocerta,

177 969 219 999 at
260 964 298 998 in
339 965 490 1011 campis
531 965 642 999 iuxta
685 962 849 999 Araxen
890 962 1104 999 Artaxata.
1158 964 1366 1000 universae

177 1033 497 1083 magnitudinem
528 1033 710 1069 Aufidius
739 1035 1030 1083 quinquagiens
1059 1038 1231 1070 centena
1259 1032 1366 1070 milia

177 1106 367 1157 prodidit,
386 1105 576 1143 Claudius
596 1106 744 1143 Cacsar
762 1106 1054 1157 longitudinem
1075 1119 1097 1142 a
1118 1106 1297 1143 Dascusa
1315 1106 1364 1143 ad

176 1183 390 1220 confinium
425 1182 556 1232 Caspii
590 1185 708 1219 maris
746 1184 842 1234 [x'iiil
879 1196 931 1232 p.‚
963 1182 1221 1219 latitudinem
1252 1182 1366 1220 dimi-

177 1257 286 1293 dium
319 1258 402 1293 cius
433 1270 455 1292 a
486 1256 773 1305 Tigranocerta
803 1255 854 1293 ad
886 1255 1108 1292 Hiberiam.
1162 1255 1366 1299 dividitur,

178 1329 284 1380 quod
319 1336 472 1367 certum
511 1335 586 1373 est,
621 1332 659 1365 in
695 1328 984 1379 praefecturas,
1018 1342 1116 1380 quas
1150 1332 1365 1380 strategias

178 1409 335 1446 vocant,
359 1402 553 1452 quasdam
579 1415 628 1439 ex
652 1401 712 1439 his
737 1402 796 1439 vel
820 1402 977 1450 singula
1000 1415 1124 1452 regna
1148 1401 1365 1452 quondam,

176 1476 354 1513 barbaris
386 1476 612 1512 nominibus
643 1488 727 1512 cxx.
781 1475 973 1511 claudunt
1006 1488 1094 1512 eam
1127 1480 1284 1512 montes
1315 1475 1365 1511 ab

177 1552 346 1593 oriente,
363 1549 433 1586 sed
452 1562 530 1586 non
548 1551 701 1592 statim,
719 1548 904 1591 Cerauni,
923 1561 994 1585 nec
1012 1547 1223 1586 Adiabene
1243 1550 1363 1599 regio.

178 1622 284 1672 quod
301 1625 468 1659 interest
485 1624 604 1671 spatii
621 1621 800 1671 Cepheni
815 1627 982 1665 tenent;
1012 1621 1062 1658 ab
1078 1620 1137 1658 liis
1152 1623 1244 1671 iuga
1261 1621 1363 1659 ultra

178 1695 377 1733 Adiabeni
430 1701 587 1737 tenent,
638 1708 708 1745 pcr
757 1693 957 1731 convalles
1007 1700 1145 1732 autem
1196 1696 1363 1744 proximi

178 1769 396 1806 Armeniae
414 1775 504 1805 sunt
528 1768 767 1805 Menobardi
787 1774 829 1805 et
849 1766 1070 1805 Moscheni.
1126 1767 1364 1805 Adiabenen

177 1842 305 1892 Tigris
331 1848 371 1879 et
398 1847 554 1878 montes
580 1843 672 1877 invii
697 1844 876 1889 cingunt.
933 1840 983 1877 ab
1006 1840 1121 1877 laeva
1145 1843 1229 1877 eius
1255 1843 1364 1890 regio

180 1913 393 1952 Medorum
440 1920 501 1951 est
545 1913 594 1950 ad
640 1920 894 1963 prospectum
939 1913 1071 1963 Caspii
1115 1915 1256 1956 maris3
1313 1926 1362 1950 ex

220 2016 233 2029 ·
257 2011 330 2065 The
349 2010 435 2041 Aras
454 2010 585 2042 formed
603 2020 624 2041 a
642 2013 799 2050 separato
818 2009 939 2041 mouth
958 2009 996 2041 os
1011 2010 1055 2041 its
1073 2019 1149 2040 own
1168 2009 1202 2040 in
1225 2010 1319 2040 1897.

179 2058 250 2105 356
