1515 2351
172 365 209 394 17

173 845 212 874 1⁸

176 1593 213 1623 19

438 96 604 133 PLINY
618 109 627 133 ι
679 96 944 134 NATURAL
980 96 1217 135 HISTORY

236 212 445 237 correxere
474 198 613 236 flexus.
668 205 881 249 praeterea
909 199 1069 236 aliunde
1097 199 1181 236 aliis
1210 199 1417 237 exordium

238 265 446 290 mensurae
466 258 528 289 est
546 258 589 289 et
606 251 684 288 alia
701 258 882 289 meatus:
913 255 971 289 ita
989 253 1034 290 fit
1052 259 1097 290 ut
1115 253 1210 289 nulli
1229 253 1308 290 duo
1325 267 1418 290 con-

236 309 385 343 cinant.

289 359 342 396 II.
372 358 561 395 Baeticae
593 358 804 408 longitudo
835 372 939 395 nunc
971 372 995 396 a
1026 359 1250 396 Castulonis
1281 359 1418 410 oppidi

237 412 314 449 fine
331 412 454 449 Gadis
469 418 535 448 cci,
548 417 591 449 et
611 425 633 448 a
650 411 786 462 Murgi
800 415 1001 449 maritima
1015 426 1084 449 ora
1096 419 1170 449 Χῑῖ
1183 426 1221 463 p.
1237 413 1417 462 amplior,

239 465 409 502 latitudo
433 478 457 501 a
480 465 642 502 Carteia
665 466 797 502 Anam
821 478 889 502 ora
913 471 1076 502 εςἮῑῆν
1104 479 1142 516 p.
1197 467 1419 517 Agrippam

237 519 399 569 quidem
432 521 471 555 in
504 525 620 555 tanta
651 521 722 555 viri
754 518 966 569 diligentia
996 525 1238 569 praeterque
1270 522 1310 556 in
1342 519 1418 556 hoc

237 586 356 622 opere
387 585 493 615 cura,
516 585 607 608 cum
637 573 774 608 orbem
796 578 993 609 terrarum
1018 572 1130 609 urbi¹
1152 572 1418 623 spectandum

238 628 510 676 propositurus
544 631 665 670 esset,
697 638 850 662 errasse
883 629 970 676 quis
1001 626 1142 663 credat
1174 632 1217 663 et
1247 639 1338 663 cum
1371 639 1419 663 eo

237 679 372 716 divum
423 679 680 729 Augustum?
730 681 762 715 is
811 692 986 729 namque
1035 679 1273 730 conplexam
1324 693 1418 717 eum

237 735 434 783 porticum
486 746 536 770 ex
594 732 865 769 destinatione
918 739 960 770 et
1010 735 1307 770 commentariis
1360 732 1418 770 M.

237 787 443 836 Agrippae
463 799 486 822 a
504 799 638 822 sorore
658 788 742 822 eius
761 785 990 823 inchoatam
1008 789 1181 837 peregit.

291 839 366 876 III.
396 839 600 876 Citerioris
643 839 860 889 Hispaniae
901 842 1003 877 sicut
1043 839 1290 890 conplurium
1332 852 1421 890 pro-

239 895 457 929 vinciarum
504 893 754 942 aliquantum
802 899 916 930 vetus
964 892 1091 930 forma
1137 899 1297 930 mutata
1343 898 1419 937 est,

239 952 381 996 utpote
414 959 505 983 cum
538 944 752 996 Pompeius
787 946 962 996 Magnus
996 949 1171 996 tropaeis
1203 948 1283 983 suis
1315 959 1419 996 quae

237 1000 446 1037 statuebat
470 1002 511 1036 in
544 998 752 1050 Pyrenaeo
779 1011 986 1036 Dcccmcxw
1012 1000 1160 1050 oppida
1181 1000 1231 1037 ab
1251 999 1420 1049 Alpibus

238 1053 289 1090 ad
330 1053 427 1090 fines
469 1053 686 1103 Hispaniae
727 1053 927 1090 ulterioris
966 1055 1007 1089 in
1047 1053 1338 1090 dicionem-ab
1377 1065 1421 1090 se

238 1106 404 1144 redacta
429 1112 604 1144 testatus
632 1109 696 1143 sit.
751 1120 855 1143 nunc
885 1109 1067 1143 universa
1095 1109 1298 1157 provincia
1324 1106 1422 1143 divi-

242 1160 351 1197 ditur
365 1162 406 1197 in
421 1166 641 1197 conventus
657 1166 830 1210 septem,
844 1159 1219 1210 Carthaginiensem
1233 1160 1422 1197 Tarraco-

238 1227 405 1250 nensem
454 1213 873 1264 Caesaraugustanum
921 1213 1178 1251 Cluniensem
1228 1214 1422 1250 Asturum

240 1267 464 1304 Lucensem
512 1267 737 1304 Bracarum.
807 1266 1006 1304 accedunt
1052 1267 1204 1304 insulae
1252 1280 1421 1317 quarum

239 1323 444 1358 mentione
479 1323 655 1371 seposita
688 1323 872 1358 civitates
906 1323 1108 1371 provincia
1142 1323 1228 1371 ipsa
1260 1326 1422 1371 praeter

238 1375 487 1411 contributas
511 1374 596 1411 aliis
624 1387 766 1411 ccxcm
795 1377 976 1411 continet
1003 1374 1149 1423 oppida
1177 1385 1353 1417 mxxxix,
1382 1376 1422 1410 in

243 1430 288 1465 iis
304 1428 481 1465 colonias
502 1439 573 1471 xu,
591 1428 738 1477 oppida
758 1430 904 1464 civium
927 1427 1197 1464 Romanorum
1211 1438 1299 1469 xm,
1314 1426 1423 1464 Lati-

243 1495 383 1518 norum
404 1488 586 1519 veterum
608 1481 988 1526 xvm,foederatum
1009 1480 1421 1530 unum‚stipendiaria

246 1548 381 1572 cxxxv.

300 1586 419 1624 Primi
461 1590 501 1624 in
539 1601 608 1625 ora
647 1587 813 1632 Bastuli,
852 1594 944 1637 post
981 1601 1048 1625 eos
1089 1600 1168 1637 quo
1205 1586 1423 1624 dicentur²

240 1641 378 1679 ordine
410 1644 518 1678 intus
552 1641 793 1678 recedentes
826 1641 1073 1686 Mentesani,
1101 1641 1270 1679 Oretani
1299 1646 1342 1678 et
1371 1640 1422 1677 ad

649 1739 658 1757 ²
683 1738 785 1769 liddst
811 1737 896 1768 orbi.

645 1781 658 1800 ²
681 1780 872 1812 Rackham:
903 1780 1038 1812 dicitur.

283 1937 298 1952 ⁰
320 1931 392 1964 The
409 1932 566 1964 Porticus
584 1931 761 1969 Octaviae,
777 1931 931 1963 between
948 1930 1007 1962 the
1020 1930 1136 1963 Circus
1149 1930 1338 1962 Flaminius
1353 1930 1423 1962 and

242 1975 301 2007 the
317 1975 466 2006 Theatra
482 1975 517 2006 of
533 1973 725 2006 Marcellus.

249 2038 292 2074 16
