1515 2351
116 599 157 629 65

115 1399 157 1429 66

388 126 579 164 PLINY:
630 127 895 164 NATURAL
932 126 1168 164 HISTORY

184 243 409 280 cognomen
432 230 697 280 Bragmanae,
721 243 891 280 quorum
917 229 1262 280 Mactocalingae3
1298 230 1369 267 flu-

185 305 293 339 mina
330 302 466 339 Prinas
503 308 544 339 et
580 302 766 346 Cainnas,
802 302 909 352 quod
944 305 984 339 in
1020 301 1191 353 Gangen
1226 302 1369 346 influit,

185 375 304 411 ambo
329 373 591 425 navigabilia3
629 381 772 425 gentes
797 374 989 424 Calingae
1013 377 1111 411 mari
1135 377 1304 424 proximi
1328 380 1369 412 et

185 460 304 497 supra
328 447 534 484 Mandaei.
558 446 674 484 Malli
693 460 861 498 quorum
883 460 996 484 mons
1019 445 1180 491 Mallus,
1202 447 1369 498 finisque

184 525 337 557 tractus
357 523 440 557 eius
460 519 635 570 Ganges.

237 592 370 629 XXII.
401 592 518 629 Hunc
541 592 608 629 alii
629 595 790 630 incertis
814 592 991 629 fontibus
1015 598 1059 630 ut
1084 592 1218 630 Nilum
1241 595 1372 643 rigan-

185 671 353 716 temque
368 668 496 702 vicina
512 665 655 702 eodem
671 665 804 709 modo,
821 665 886 702 alii
901 668 942 702 in
958 664 1152 716 Scythicis
1168 666 1370 703 montibus

186 741 293 775 nasci
324 738 527 783 dixerunt,
558 737 725 776 influere
756 741 797 775 in
828 751 920 775 eum
951 750 1016 775 xxx
1047 751 1199 783 amnes,
1230 751 1280 775 ex
1310 737 1370 776 his

185 810 430 861 navigabiles
444 817 606 860 praeter
618 814 699 848 iam
713 811 840 848 dictos
855 810 1112 854 Crenaccam,
1126 810 1371 848 Rhamnum-

184 884 342 927 bovam,
364 883 607 933 Casuagum‚
629 883 791 920 Sonum.
846 883 912 920 alii
932 897 1023 921 cum
1044 897 1192 934 magno
1213 883 1370 934 fragore

185 959 306 1006 ipsius
350 959 489 994 statim
534 955 654 993 fontis
701 969 926 1006 erumpere,
970 956 1254 1007 deiectumque
1299 969 1370 1006 per

184 1029 391 1079 scopulosa
422 1035 463 1066 et
495 1029 681 1079 abrupta,
713 1030 779 1066 ubi
811 1032 983 1079 primum
1014 1028 1152 1066 molles
1184 1029 1369 1079 planities

184 1105 407 1152 contingat,
445 1104 486 1139 in
524 1102 698 1153 quodam
734 1101 823 1139 lacu
862 1101 1069 1151 hospitari,
1106 1101 1200 1139 inde
1238 1101 1369 1139 lenem

185 1174 322 1219 fluere,
342 1175 408 1212 ubi
428 1177 650 1218 minimum,
669 1176 743 1212 ῆι
763 1189 801 1225 p.
820 1175 1051 1219 latitudine,
1070 1175 1137 1211 ubi
1157 1174 1370 1219 modicum,

183 1248 403 1285 stadiorum
423 1260 457 1292 c,
476 1247 690 1284 altitudine
711 1261 908 1298 nusquam
928 1250 1080 1285 minore
1099 1261 1289 1297 passuum
1308 1260 1370 1291 xx,

184 1323 395 1357 novissima
437 1326 561 1371 gente
605 1320 881 1371 Gangaridum
924 1320 1203 1371 Calingarum:
1261 1323 1370 1371 regia

185 1392 353 1430 Pertalis
407 1399 582 1430 vocatur.
652 1396 736 1444 regi
785 1395 830 1430 1⁴—x
877 1393 1074 1443 peditum,
1122 1396 1278 1443 equitoe
1326 1406 1370 1438 u,

184 1465 388 1516 elephanti
441 1478 512 1503 ncc
562 1469 603 1503 in
653 1469 859 1516 procinctu
911 1464 1105 1503 bellorum
1154 1466 1368 1504 excubant.

184 1551 358 1589 namque
404 1541 485 1576 vita
531 1539 753 1576 mitioribus
799 1539 954 1589 populis
1002 1538 1191 1576 Indorum
1237 1538 1370 1576 multi-

184 1614 333 1661 pertita
372 1612 556 1662 degitur:
610 1610 796 1649 tellurem
836 1618 1041 1656 exement,
1082 1610 1265 1648 militiam
1304 1611 1368 1648 alii

182 1691 411 1734 capessunt,
452 1698 603 1722 merces
644 1685 710 1721 alii
749 1698 839 1721 suas
881 1683 1057 1721 evehunt
1099 1690 1369 1734 externasque

183 1756 392 1801 invehunt,
406 1771 468 1794 res
483 1757 660 1807 publicas
675 1760 829 1808 optumi
844 1757 1109 1807 ditissimique
1123 1762 1368 1806 temperant,

184 1829 326 1866 iudicia
358 1830 547 1874 reddunt,
578 1831 738 1881 regibus
770 1830 968 1867 adsident.
1025 1832 1210 1880 quintum
1241 1842 1368 1880 genus

182 1901 411 1940 celebratae
441 1901 547 1940 illisl
580 1908 622 1940 et
653 1916 777 1953 prope
809 1905 849 1939 in
878 1902 1112 1953 religionem
1144 1913 1280 1939 versae
1307 1914 1368 1938 sa-

494 1998 505 2017 1
531 1997 618 2028 illis?
654 1998 826 2037 Mayhoff:
858 1996 1069 2028 illiamiuio.

184 2058 255 2106 386
