1515 2351
167 365 207 396 84

166 688 207 718 85

166 1588 207 1618 86

442 126 632 165 PLINY:
685 127 951 165 NATURAL
987 126 1226 165 HISTORY

234 232 415 282 itemque
470 229 678 268 Phintonis
733 236 775 268 et
819 230 980 275 Fossae,
1023 242 1047 267 a
1090 230 1234 280 quibus
1276 229 1425 269 fretum

236 298 363 345 ipsum
383 294 562 345 Taphros
581 297 824 332 nominatur.

285 359 376 396 VII.
406 358 588 396 Sardinia
618 359 668 396 ab
699 362 854 396 oriente
883 364 1028 409 patens
1056 365 1262 398 mi
1290 372 1345 409 p.,
1375 359 1427 397 ab

233 423 442 461 occidente
476 430 614 467 c'OEW,
650 436 672 460 a
707 423 874 460 meridie
908 429 1058 468 ffiffi,
1093 437 1116 460 a
1151 426 1426 473 septentrione

234 503 347 533 cxxv,
371 491 539 525 circuitu
566 494 682 532 fsffi,
706 487 823 524 abest
848 487 898 524 ab
924 487 1061 524 Africa
1085 487 1314 525 Caralitano
1338 501 1427 538 pro-

233 555 437 590 munturio
461 558 522 596 c-c,
547 565 570 588 a
591 552 771 589 Gadibus
803 558 898 599 m.
953 550 1078 589 habet
1099 557 1141 589 et
1161 564 1184 588 a
1204 551 1427 589 Gorditano

233 619 510 666 promunturio
535 616 634 653 duas
659 616 807 653 insulas
832 629 936 666 quae
961 622 1156 653 vocantur
1180 616 1379 661 Herculis,
1403 629 1426 653 a

233 680 411 718 Sulcensi
450 681 628 725 Enosim,
667 694 690 717 a
728 680 961 717 Caralitano
1000 680 1209 717 Ficariam.
1263 680 1426 731 quidam

233 744 333 782 haut
361 745 498 796 procul
528 745 579 782 ab
605 758 653 782 ea
683 751 725 782 et
750 744 937 782 Bcrclida
964 750 1120 794 ponunt
1151 751 1193 782 et
1217 744 1426 782 Callodem

235 816 277 847 et
315 823 436 860 quam
476 816 620 846 vocant
659 809 790 846 Heras
827 809 966 846 Lutra.
1020 809 1271 846 celeberrimi
1309 812 1351 846 in
1378 822 1426 847 ea

233 874 471 924 populorum
506 874 686 918 Ilienses,
719 873 869 917 Balari,
901 873 1011 911 Corsi
1044 873 1281 923 oppidorum
1313 886 1428 919 iwm,

233 938 441 982 Sulcitani,
459 938 678 982 Valentini,
697 938 971 988 Neapolitani,
989 937 1189 983 Vitenses,
1207 938 1426 975 Caralitani

233 1006 377 1040 civium
414 1003 477 1047 R„
512 1009 553 1040 et
591 1002 805 1046 Norenses,
839 1002 997 1039 colonia
1034 1008 1172 1040 autem
1207 1015 1287 1039 una
1323 1016 1426 1053 quae

235 1073 400 1105 vocatur
442 1067 506 1105 Ad
553 1067 721 1105 Turrem
770 1066 979 1104 Libisonis.
1024 1065 1248 1104 Sardiniam
1299 1070 1426 1118 ipsam

232 1132 420 1169 Timaeus
458 1131 723 1169 Sandaliotim
763 1131 982 1182 appellavit
1021 1131 1072 1168 ab
1110 1131 1241 1182 effigie
1278 1131 1427 1177 soleae,

235 1196 427 1247 Myrsilus
462 1196 675 1234 Ichnusam
709 1209 732 1233 a
769 1196 1031 1233 similitudine
1065 1199 1222 1247 vestigi.
1287 1202 1427 1234 contra

235 1260 478 1298 Paestanum
508 1264 637 1298 sinum
669 1260 863 1298 Leucasia
888 1267 949 1298 est
976 1274 999 1297 a
1024 1259 1163 1298 Sirene
1188 1261 1241 1298 ibi
1267 1261 1426 1311 sepulta

233 1325 454 1375 appellata,
482 1331 622 1363 contra
651 1325 807 1362 Veliam
833 1324 977 1362 Pontia
1001 1331 1043 1362 et
1068 1325 1209 1370 Isacia,
1228 1331 1425 1376 utraeque

235 1404 314 1428 uno
344 1393 504 1428 nomine
535 1389 792 1434 Oenotrides,
822 1395 1107 1440 argumentum
1137 1403 1344 1440 possessae
1374 1389 1425 1427 ab

234 1454 424 1492 Oenotris
475 1454 636 1499 Italiae,
685 1460 826 1491 contra
876 1453 1073 1491 Vibonem
1123 1467 1271 1504 parvae
1320 1467 1424 1505 quae

233 1525 428 1556 vocantur
447 1518 675 1556 Ithacesiae
695 1519 746 1555 ab
769 1518 898 1556 Ulixis
918 1518 1094 1568 specula.

285 1582 399 1620 VIII.
428 1583 577 1620 Verum
603 1589 699 1620 ante
723 1596 862 1620 omnes
886 1583 1073 1620 claritate
1098 1581 1245 1627 Sicilia,
1268 1582 1425 1620 Sicania

234 1660 257 1684 a
277 1646 512 1698 Thucydide
534 1647 657 1692 dicta,
678 1647 882 1684 Trinacria
905 1661 927 1684 a
948 1647 1128 1697 pluribus
1150 1653 1220 1684 aut
1241 1647 1425 1685 Trinacia

234 1724 258 1748 a
290 1712 493 1763 triangula
528 1714 676 1762 specie,
709 1714 878 1749 circuitu
911 1718 1072 1762 patens,
1106 1717 1152 1749 ut
1187 1717 1327 1749 auctor
1360 1717 1422 1750 est

325 1893 340 1908 ⁶
363 1888 514 1929 Perhaps
532 1888 622 1919 Isola
640 1888 760 1919 Rossa.

325 1931 338 1951 ὓ
361 1931 434 1964 The
450 1932 576 1963 Straits
593 1931 627 1962 οἱ
646 1931 854 1968 Βοηίἱειοοίο,
872 1931 1013 1963 Fretum
1032 1930 1210 1963 Gallicum.

322 1979 334 1995 ‘
357 1974 430 2011 One
445 1974 480 2007 of
494 1974 590 2006 these
604 1973 731 2006 islands
747 1984 822 2006 now
839 1974 900 2006 has
915 1974 974 2006 the
989 1984 1089 2006 name
1104 1974 1140 2006 of
1152 1973 1346 2007 Torriceua.

234 2055 278 2093 62
