1515 2351
137 451 197 481 177

138 1221 198 1251 178

418 131 608 169 PLINY:
661 132 926 170 NATURAL
963 131 1202 170 HISTORY

218 248 416 274 remeasse
430 235 620 286 pedibus3
641 235 715 273 hoc
729 235 837 273 idem
849 234 998 286 Aquini
1018 235 1231 280 accidisse;
1252 234 1405 274 Romae

219 318 377 356 quoque
407 304 625 342 Corfidium
654 311 901 343 materterae
927 317 1022 342 suae
1049 307 1239 342 maritum
1264 304 1405 343 funere

216 375 347 412 locato
371 377 561 412 revixisse
588 381 631 413 et
660 375 879 413 locatorem
910 374 1062 412 funeris
1088 375 1139 412 ab
1166 388 1214 413 eo
1239 375 1404 413 elatum.

221 445 343 483 adicit
391 445 583 482 miracula
632 458 736 496 quae
784 451 873 483 tota
925 445 1119 483 indicasse
1169 448 1407 482 conveniat:

219 528 240 552 e
266 515 420 552 duobus
445 514 636 552 fratribus
663 518 860 565 equestris
887 514 1034 552 ordinis
1061 514 1242 552 Corfidiis
1266 517 1405 552 maiori

218 585 407 623 accidisse
444 590 489 622 ut
526 584 731 622 videretur
768 588 986 635 expirasse,
1023 591 1246 635 apertoque
1281 590 1407 622 testa-

219 662 356 693 mento
378 659 592 693 recitatum
614 654 807 693 heredem
829 658 1024 692 minorem
1046 655 1178 692 funeri
1200 657 1407 699 institisse,

219 729 380 763 interim
426 739 517 762 eum
562 728 629 776 qui
675 725 887 762 videbatur
931 728 1134 762 extinctus
1177 724 1407 775 plaudendo

216 799 429 833 concivisse
453 798 676 833 ministeria
701 801 743 832 et
767 808 950 832 narrasse
974 808 997 831 a
1019 794 1147 832 fratre
1170 807 1213 832 se
1237 797 1406 839 venisse,

219 866 543 903 commendatam
588 865 662 902 sibi
710 865 831 902 filiam
877 865 928 902 ab
975 878 1038 910 eo,
1083 864 1405 902 demonstratum

220 942 432 986 praeterea
451 948 529 986 quo
547 938 588 972 in
605 935 691 973 loco
709 935 930 972 defodisset
948 948 1090 972 aurum
1108 935 1218 972 nullo
1236 937 1407 979 conscio,

222 1012 264 1043 et
307 1018 468 1056 rogasse
513 1011 559 1043 ut
603 1004 663 1042 his
709 1005 943 1042 funebribus
989 1018 1092 1055 quae
1137 1009 1408 1055 comparasset

221 1075 443 1113 efferretur.
498 1075 571 1113 hoc
590 1089 637 1113 eo
654 1081 844 1112 narrante
860 1074 995 1112 fratris
1012 1073 1221 1112 domestici
1237 1087 1407 1125 propere

221 1146 510 1183 adnuntiavere
555 1148 834 1184 examinatum
875 1145 1011 1189 illum;
1069 1151 1112 1182 et
1155 1158 1296 1182 aurum
1339 1144 1407 1182 ubi

223 1216 381 1254 dixerat
406 1221 613 1266 repertum
641 1222 714 1253 est.
769 1215 888 1265 plena
913 1220 1128 1265 praeterea
1153 1218 1235 1252 vita
1261 1220 1324 1252 est
1347 1213 1406 1251 his

222 1289 431 1331 vaticiniis,
448 1286 520 1324 sed
538 1299 617 1323 non
634 1285 894 1330 conferenda,
911 1298 1002 1323 cum
1019 1287 1176 1335 saepius
1196 1284 1296 1322 falsa
1313 1286 1407 1329 sint,

219 1360 322 1394 sicut
373 1359 527 1408 ingenti
580 1356 766 1406 exemplo
816 1355 1062 1394 docebimus.
1117 1355 1229 1392 Bello
1277 1353 1408 1392 Siculo

222 1427 425 1464 Gabienus
461 1426 642 1464 Caesaris
677 1425 895 1464 classiuml
930 1425 1169 1463 fortissimus
1204 1430 1345 1475 captus
1383 1437 1407 1461 a

221 1496 345 1535 Sexto
375 1497 566 1548 Pompeio
595 1500 702 1534 iussu
732 1499 816 1534 eius
846 1499 968 1533 incisa
995 1498 1149 1533 cervice
1180 1501 1222 1532 et
1251 1497 1315 1532 vix
1343 1507 1408 1532 co-

221 1567 416 1605 haerente
457 1570 578 1605 iacuit
618 1570 658 1604 in
697 1567 815 1604 litore
855 1572 944 1603 toto
983 1565 1061 1603 die.
1116 1565 1277 1609 deinde,
1315 1577 1407 1602 cum

222 1638 580 1688 advesperavisset‚
633 1640 788 1687 gemitu
842 1636 1108 1686 precibusque
1161 1640 1408 1685 congregata

222 1707 480 1745 multitudine
512 1710 630 1757 petiit
662 1709 720 1744 uti
753 1705 964 1756 Pompeius
996 1705 1048 1742 ad
1076 1717 1120 1742 se
1151 1707 1307 1743 vem’ret
1336 1709 1407 1741 aut

596 1810 607 1829 ¹
631 1809 822 1840 classiarius
839 1808 1026 1840 Caesarius.

265 1964 278 1978 ¹²
303 1958 464 1989 Between
497 1957 622 1989 Sextus
661 1955 845 1997 Pompeius
881 1955 949 1986 and
989 1955 1161 1987 Octavian
1196 1954 1304 1986 38-36
1338 1962 1404 1986 mc.

225 2002 398 2033 Gabienus
416 2002 442 2032 is
459 2000 539 2041 only
560 2001 683 2031 known
699 1999 787 2030 from
804 1999 874 2030 this
890 2008 1043 2040 passage.

226 2065 297 2109 624

1510 1732 1515 2012 i
