1515 2351
416 154 607 192 PLINY:
660 154 925 192 NATURAL
961 154 1198 193 HISTORY

133 265 193 295 152
267 257 434 295 XLVII.
465 257 728 295 Consecratus
745 263 807 295 est
819 259 928 294 vivus
944 260 1203 308 sentiensque
1217 258 1398 296 eiusdem

212 312 358 349 oraculi
394 315 500 348 iussu
539 317 581 348 et
620 311 722 348 Iovis
760 311 928 348 deorum
965 313 1109 348 summi
1147 311 1397 361 adstipulatu

216 365 440 415 Euthymus
470 370 604 414 pycta,
623 377 783 413 semper
812 364 1025 414 Olympiae
1045 367 1173 402 victor
1201 371 1244 402 et
1272 365 1398 402 semel

215 422 353 455 victus,
389 421 520 468 patria
532 420 568 455 ei
583 417 698 454 Locri
712 421 752 453 in
767 417 906 460 Italia;
924 420 1142 468 imaginem
1158 420 1242 455 eius
1258 418 1311 455 ibi
1322 419 1338 442 1
1355 423 1399 456 et

216 472 428 522 Olympiae
443 471 612 507 alteram
626 471 768 508 eodem
784 470 848 507 die
864 471 1018 508 tactas²
1032 470 1199 508 fulmine
1213 471 1399 508 Callima—

215 525 333 562 chum
366 530 411 562 ut
443 524 540 561 nihil
573 524 679 561 aliud
713 527 901 561 miratum
936 524 1050 561 video
1082 524 1399 575 oraculumque³

215 581 373 616 iussisse
389 578 404 602 ⁴
444 577 669 621 sacrificari,
711 577 818 628 quod
861 583 903 615 et
949 581 1036 614 vivo
1082 577 1312 615 factitatum
1356 583 1398 616 et

215 638 388 675 mortuo,
424 631 600 681 nihilque
642 631 692 668 de
736 644 784 668 eo
827 634 972 668 mirum
1015 631 1124 668 aliud
1161 645 1281 682 quam
1323 630 1399 669 hoc

213 686 408 735 placuisse
428 684 499 721 dis.

134 745 195 775 153
270 738 459 776 XLVIII.
489 738 553 775 De
565 741 695 787 spatio
707 744 831 788 atque
843 737 1138 788 longinquitate
1152 741 1258 775 vitae
1273 737 1398 776 homi-

216 805 311 828 num
335 804 414 828 non
436 792 612 828 locorum
638 791 757 828 modo
775 794 876 828 situs
898 804 1038 828 verum
1059 797 1100 828 et
1120 798 1307 841 tempora
1327 790 1399 829 ac⁵

215 859 285 882 sua
301 848 443 896 cuique
458 858 542 882 sors
557 844 745 882 nascendi
761 847 958 882 incertum
970 844 986 868 ⁶
1000 844 1146 882 fecere.
1187 845 1400 890 Hesiodus,

217 902 281 949 qui
304 902 454 948 primus
476 898 610 948 aliqua
630 898 682 935 de
703 897 777 935 hoc
798 898 989 948 prodidit,
1010 898 1205 943 fabulose,
1226 904 1271 936 ut
1291 912 1398 943 reor,

217 952 344 989 multa
384 952 588 989 hominum
628 964 726 988 aevo
766 952 999 1001 praeferens
1015 952 1031 975 ⁷
1070 955 1216 990 cornici
1256 965 1399 990 novem

218 1013 372 1043 nostras
394 1005 589 1043 adtribuit
610 1011 782 1050 aetates,
803 1005 1070 1055 quadruplum
1093 1008 1176 1042 eius
1198 1009 1339 1051 cervis,
1358 1006 1400 1044 id

216 1059 462 1108 triplicatum
476 1062 617 1102 corvis,
633 1065 674 1096 et
689 1059 844 1108 reliqua
858 1059 1074 1096 fabulosius
1090 1062 1131 1096 in
1145 1058 1338 1109 phoenice
1353 1072 1400 1097 ac

136 1119 197 1149 154
223 1112 428 1163 Nymphis.
477 1113 689 1150 Anacreon
702 1119 823 1162 poeta
836 1112 1114 1163 Arganthonio
1125 1113 1399 1150 Tartesiorum

217 1170 300 1217 regi
339 1179 383 1203 ct,
419 1166 561 1203 tribuit
598 1179 736 1210 annos,
769 1165 940 1216 Cinyrae
979 1165 1219 1216 Cypriorum
1258 1166 1399 1204 decem

217 1223 328 1256 annis
349 1220 533 1269 amplius,
553 1220 739 1269 Aegimio
762 1232 816 1256 cc.
868 1219 1149 1270 sseopompus
1171 1219 1399 1270 Epimenidi

218 1273 366 1310 Gnosio
421 1285 536 1317 chn,
593 1273 824 1310 Hellanicus
885 1273 1078 1323 quosdam
1138 1276 1179 1310 in
1237 1273 1400 1311 Aetolia

218 1327 406 1376 Epiorum
439 1329 570 1377 gentis
596 1326 818 1363 ducent0s⁸
839 1327 1018 1376 explere,
1037 1330 1098 1364 cui
1131 1327 1400 1377 adstipulatur

219 1381 432 1417 Damastes
460 1393 685 1417 memorans
717 1379 943 1417 Pictoreum
974 1393 1022 1417 ex
1053 1381 1112 1417 his
1141 1384 1400 1430 praecipuum

136 1441 196 1469 155
219 1447 385 1483 corpore
429 1434 657 1484 viribusque
714 1437 836 1470 etiam
893 1446 958 1471 ccc
1014 1437 1171 1478 vixisse,
1217 1434 1399 1484 Ephorus

218 1488 418 1524 Arcadum
444 1500 560 1537 reges
587 1490 749 1524 tricenis
778 1490 905 1529 annis,
933 1487 1165 1525 Alexander
1192 1487 1399 1525 Cornelius

267 1585 280 1604 ²
304 1584 385 1616 Sic?
402 1583 570 1624 Mayhoff:
595 1584 642 1614 ibi
655 1584 837 1625 imaginem
847 1584 920 1616 eius
931 1587 989 1615 aut
999 1584 1047 1615 ibi
1059 1584 1242 1625 imaginem
1255 1584 1328 1616 eius
1340 1584 1398 1617 ibi.

266 1627 279 1647 ⁸
301 1627 490 1658 Rackham:
522 1631 663 1658 tactam.

266 1668 279 1688 ⁸
303 1670 459 1711 Mayhoff
467 1672 479 1701 ⁴?
497 1683 503 1701 :
535 1669 577 1700 ad
596 1679 742 1710 eumque
757 1673 815 1700 aut
832 1669 1013 1710 deumque.

267 1713 280 1732 ⁴
302 1715 434 1744 iussisse
454 1711 556 1755 <ei>?
575 1712 754 1744 Rackham.

268 1756 280 1776 ⁵
302 1755 484 1797 Detlessen:
517 1765 633 1786 verum
650 1754 808 1796 exempla
822 1764 875 1787 ae.

269 1799 282 1816 ⁶
306 1799 471 1830 incertum
497 1799 703 1837 (iudicium)
739 1797 931 1839 TMayhoff.

269 1843 281 1860 ⁷
306 1842 478 1882 Mayhoff:
510 1843 666 1872 referens.

268 1885 282 1905 ⁸
304 1885 477 1925 Mayhoff:
508 1885 666 1916 ducenta.

451 2031 465 2045 ⁰
490 2026 560 2057 Not
577 2027 609 2057 in
628 2025 685 2057 tho
701 2030 824 2057 extant
840 2026 950 2057 works
967 2026 1006 2057 of
1021 2025 1158 2057 Hosiod.

211 2088 283 2124 608
