1515 2351
94 1070 135 1099 923

95 1602 135 1630 94

367 134 453 172 PLI
462 136 533 172 NY
549 149 557 173 ι
610 136 875 174 NATURAL
913 135 1151 174 HISTORY

163 245 305 289 portae
340 239 485 275 Amani
520 242 681 277 montis.
716 239 879 275 flumina
915 239 1137 282 Androcus,
1173 239 1352 283 Pinarus,

166 298 310 348 Lycus,
328 301 435 334 sinus
455 298 611 341 Issicus,
629 298 821 347 oppidum
841 298 958 341 Issos,
975 301 1074 335 item
1091 298 1352 343 Alexandria,

164 356 314 393 flumen
346 355 527 400 Chlorus,
560 357 751 406 oppidum
786 358 978 407 Aegaeae
1008 357 1193 401 liberum,
1225 359 1352 394 amnis

165 415 372 466 Pyramus,
402 421 545 465 portae
575 415 750 459 Ciliciae,
781 415 929 465 oppida
962 415 1122 460 Mallos,
1155 415 1352 466 Magirsos

164 480 201 511 ei
220 477 275 510 ini
283 488 327 511 us
341 474 498 518 Tarsos,
510 477 641 524 campi
657 474 761 518 Alei,
775 474 921 524 oppida
937 474 1171 525 Casyponis,
1187 475 1351 525 Mopsos

164 533 332 570 liberum
389 532 560 583 Pyramo
616 536 848 583 inpositum,
902 534 1042 584 Tyros,
1097 532 1354 584 Zephyrium,

164 591 381 635 Ancliiale;
434 605 573 629 amnes
612 592 742 636 Saros,
782 592 942 643 Cydnos
980 593 1147 630 Tarsum
1186 592 1351 630 liberam

164 651 304 688 urbem
326 651 462 701 procul
484 665 506 687 a
528 654 627 688 mari
648 663 809 694 secans;
845 654 955 702 regio
977 651 1241 689 Celenderitis
1261 665 1350 689 cum

163 710 324 760 oppidO‚
351 710 458 747 locus
487 709 785 760 Nymphaeum,
812 710 929 748 Soloe
955 710 1079 747 Cilicii
1106 723 1210 748 nunc
1238 711 1353 748 Pom—

163 769 370 818 peiopolis,
417 769 576 814 Adana,
623 769 784 820 Cibyra,
833 769 990 813 Pinare,
1040 769 1216 814 Pedalie,
1263 770 1354 814 Ale,

164 828 333 872 Selinus,
372 829 556 872 Arsinoe,
597 828 753 879 Iotape,
797 829 962 872 Dorion,
1005 831 1202 879 iuxtaque
1243 843 1352 866 mare

164 886 350 937 Corycos,
369 887 511 924 eodem
529 890 692 924 nomine
709 888 901 937 oppidum
920 893 961 924 et
980 893 1118 937 portus
1137 894 1178 925 et
1197 901 1350 938 specuS.

164 960 255 982 mox
292 946 442 983 flumen
476 946 742 997 Calycadnus,
776 949 1098 996 promunturium
1133 946 1354 997 Sarpedon,

163 1005 310 1055 oppida
345 1005 531 1049 Holmoe,
567 1005 695 1056 Myle,
728 1008 1051 1056 promunturium
1085 1012 1128 1043 et
1161 1006 1352 1056 oppidum

164 1063 328 1101 Veneris
351 1078 373 1100 a
396 1078 474 1114 quo
496 1068 679 1114 proxime
700 1064 855 1115 Cyprus
877 1064 1018 1102 insula.
1073 1064 1145 1102 sed
1167 1068 1206 1102 in
1228 1068 1353 1103 conti-

164 1130 288 1160 nente
325 1123 471 1173 oppida
514 1123 729 1174 Mysanda,
767 1125 1047 1168 Anemurium,
1085 1124 1354 1170 Coracesium,

165 1182 334 1232 finisque
353 1186 541 1233 antiquus
561 1183 723 1220 Ciliciae
745 1183 875 1220 Melas
894 1186 1033 1220 amnis.
1090 1185 1196 1220 intus
1215 1189 1353 1222 autem

164 1241 321 1278 dicendi
361 1242 613 1278 Anazarbeni
655 1245 720 1292 qui
761 1255 864 1279 nunc
903 1242 1116 1287 Caesarea,
1154 1243 1354 1293 Augusta,

165 1300 394 1344 Castabala,
415 1300 640 1351 Epiphania
661 1314 766 1351 quae
785 1307 906 1338 antea
927 1301 1172 1346 Oeniandos,
1193 1301 1354 1347 Eleusa,

166 1359 358 1404 Iconium,
392 1359 571 1397 Seleucia
606 1374 725 1410 supra
759 1373 920 1397 amnem
950 1360 1225 1410 Calycadnum
1259 1361 1354 1398 Tra-

163 1418 315 1456 cheofis
352 1422 604 1469 cognomine,
641 1420 692 1456 ab
730 1422 827 1456 mari
866 1419 993 1456 relata
1030 1419 1098 1456 ubi
1136 1420 1354 1457 vocabatur

165 1477 342 1514 Hermia.
397 1484 609 1527 praeterea
639 1481 745 1515 intus
775 1478 939 1514 flumina
970 1478 1137 1528 Liparis,
1167 1478 1353 1524 Bombos,

166 1536 389 1580 paradisus,
409 1551 521 1574 mons
543 1537 736 1574 Imbarus.

215 1596 369 1633 XXIII.
401 1597 560 1634 Ciliciae
634 1596 910 1647 Pamphyliam
977 1609 1115 1633 omnes
1186 1599 1353 1635 iunxere

165 1655 348 1705 neglecta
378 1662 503 1705 gente
532 1656 718 1693 Isaurica.
774 1657 920 1706 oppida
951 1659 1034 1693 eius
1064 1659 1170 1694 intus
1201 1657 1352 1701 Isaura,

164 1714 367 1759 Clibanus,
390 1714 564 1759 Lalasis3
599 1715 774 1752 decurrit
796 1722 933 1752 autem
954 1715 1004 1752 ad
1026 1728 1137 1752 mare
1157 1716 1351 1753 Anemuri

164 1786 188 1810 e
226 1777 389 1824 regione
427 1787 545 1823 supra
584 1774 692 1812 dicti.
748 1773 864 1812 simili
903 1774 1022 1811 modo
1061 1774 1244 1812 omnibus
1283 1777 1351 1825 qui

207 1947 220 1961 ⁰
246 1941 411 1972 Foundecl
443 1941 488 1982 by
512 1941 706 1973 Alexander
730 1941 788 1972 tho
814 1942 919 1973 Grcat
943 1946 979 1973 to
1003 1944 1273 1973 commemorave
1297 1941 1349 1972 his

167 1986 300 2026 victory
317 1995 400 2016 over
417 1985 560 2022 Darius;
586 1985 644 2016 tho
663 1995 763 2016 name
779 1986 935 2016 survives
951 1995 989 2016 as
1005 1985 1237 2017 Scanderoon.

168 2065 236 2100 290
