1515 2351
409 123 600 162 PLINY:
653 124 918 163 NATURAL
956 124 1194 161 HISTORY

209 230 500 279 inauspicatum
513 242 658 265 nomen
672 242 695 265 a
707 228 894 265 Romanis
908 226 1173 278 Dyrrachium
1182 227 1398 278 appellata,

211 291 359 329 flumen
389 293 497 329 Aous
526 305 550 330 a
578 293 818 344 quibusdam
847 292 953 329 Aeas
981 294 1248 336 nominatum,
1277 291 1398 342 Apol·

211 356 315 393 lonia
348 356 550 406 quondam
584 355 880 393 Corinthiorum
913 355 1067 393 colonia
1102 365 1139 390 iv
1172 369 1210 406 p.
1245 369 1269 392 a
1301 357 1400 392 mari

210 420 416 465 recedens,
465 422 575 457 cuius
625 422 665 456 in
715 420 857 457 finibus
907 420 1065 457 celebre
1117 419 1399 471 Nymphaeum

211 484 395 522 accolunt
428 485 586 522 barbari
620 485 817 521 Amantes
851 490 894 522 et
926 484 1126 521 Buliones.
1182 490 1224 522 at
1258 486 1298 521 in
1331 497 1400 521 ora

211 549 401 599 oppidum
428 549 591 586 Oricum
617 562 640 585 a
666 548 820 586 Colchis
845 548 1065 586 conditum.
1120 548 1213 585 inde
1240 550 1401 585 initium

212 613 336 663 Epiri,
371 620 528 650 montes
565 614 859 650 Acroceraunia
894 614 1036 664 quibus
1072 612 1176 650 hunc
1212 613 1397 663 Europae

211 677 566 715 determinavimus
586 681 728 715 sinum.
785 678 949 715 Oricum
978 691 1001 714 a
1028 676 1234 715 Salentino
1256 676 1398 714 Italiae

211 745 486 793 promunturio
504 743 628 780 distat
648 749 757 781 rit-‘ssa

133 811 193 841 1423
264 807 411 844 XXIV.
441 808 477 844 A
512 814 628 858 tergo
663 808 883 845 Carnorum
917 814 960 845 et
996 807 1208 858 Iapudum,
1243 819 1322 857 qua
1355 819 1398 844 se

212 871 292 909 fert
309 885 477 922 magnus
498 873 648 918 Hister,
669 873 805 910 Raetis
824 875 1044 923 iunguntur
1064 871 1220 915 Norici3
1251 870 1402 921 oppida

216 949 353 973 eorum
368 936 576 982 Virunum,
588 937 739 983 Celeia,
750 937 937 981 Teurnia,
950 937 1175 987 Aguntum,
1189 935 1402 979 Iuvavum,

214 1000 478 1045 Vianiomina,
523 1002 703 1047 Claudia,
748 1002 926 1038 Flavium
973 1000 1173 1037 Solvense.
1244 999 1396 1036 Noricis

212 1067 432 1116 iunguntur
459 1066 564 1103 lacus
586 1065 715 1111 Peiso,
736 1067 898 1104 deserta
918 1066 1127 1108 Boiorum;
1160 1067 1239 1101 iam
1261 1070 1398 1101 tamen

211 1129 365 1167 colonia
397 1131 473 1168 divi
515 1131 655 1168 Claudi
687 1130 852 1168 Sabaria
886 1136 928 1167 et
957 1129 1105 1180 oppido
1139 1128 1403 1166 Scarabantia

215 1194 314 1231 Iulia
337 1194 581 1233 habitantur.

135 1264 193 1293 147
265 1260 388 1296 XXV.
422 1260 520 1298 Inde
539 1261 764 1312 glandifera
785 1259 1029 1304 Pannoniae,
1049 1272 1128 1309 qua
1147 1259 1403 1296 mitescentia

212 1323 373 1374 Alpium
394 1327 487 1376 iuga
504 1339 576 1376 per
594 1326 771 1362 medium
793 1325 995 1376 Illyricum
1014 1337 1037 1361 a
1054 1325 1331 1374 septentrione
1350 1321 1399 1359 ad

213 1389 421 1426 meridiem
449 1404 561 1427 versa
587 1390 693 1427 molli
722 1393 760 1426 in
786 1390 932 1427 dextra
957 1402 1002 1426 ac
1028 1388 1141 1425 laeva
1166 1387 1400 1425 devexitate

212 1454 444 1491 considunt·
493 1469 595 1505 quae
619 1469 708 1505 pars
733 1454 784 1491 ad
807 1467 915 1491 mare
941 1453 1220 1490 Hadriaticum
1241 1456 1402 1503 spectat

213 1518 438 1568 appellatur
466 1519 671 1556 Delmatia
699 1525 741 1556 et
770 1518 972 1569 Illyricum
999 1531 1119 1568 supra
1145 1517 1323 1560 dictum3
1351 1515 1401 1552 ad

213 1586 510 1632 septentriones
530 1582 734 1620 Pannonia
752 1585 904 1633 vergit:
937 1582 1073 1619 finitur
1090 1581 1183 1618 inde
1203 1581 1399 1618 Danuvio.

214 1649 252 1683 in
302 1660 349 1684 ea
395 1648 573 1685 coloniae
617 1649 813 1692 Aemona,
856 1647 989 1684 Siscia.
1045 1659 1182 1683 amnes
1224 1645 1318 1682 clari
1360 1649 1403 1682 et

215 1711 458 1763 navigabiles
488 1715 527 1749 in
558 1713 788 1750 Danuvium
819 1711 1003 1749 defluunt
1034 1711 1164 1748 Draus
1195 1723 1217 1747 e
1248 1709 1401 1747 Noricis

386 1879 400 1894 ⁰
423 1875 508 1906 Now
527 1875 694 1907 Durazzo.
916 1874 928 1894 ⁶
952 1873 1023 1906 Tho
1043 1874 1218 1906 Voioussa.

385 1921 397 1938 ⁶
420 1919 503 1950 Now
522 1918 662 1950 l'ollina.
917 1916 931 1936 ‘¹
956 1917 995 1949 In
1014 1920 1028 1958 ς’
1044 1919 1098 1948 97.

385 1966 394 1979 ⁴
418 1962 698 1992 Promunturium
719 1961 912 2001 Iapygium.

423 2004 571 2045 Perhaps
589 2005 646 2035 the
665 2004 862 2035 Neusiedler
879 2006 940 2035 see
958 2013 1039 2034 near
1058 2003 1198 2035 Vienna.

218 2068 285 2104 108
