1515 2351
424 113 614 152 PLINY:
668 114 932 153 NATURAL
969 114 1206 152 HISTORY

220 217 375 269 Alyzia,
408 217 576 263 Stratos,
610 218 740 270 Argos
773 217 1121 269 Amphilochicum
1153 219 1393 269 cognomina

220 283 322 321 tum,
335 280 461 314 amnis
474 276 673 314 Achelous
686 291 707 314 e
722 276 850 314 Pindo
861 277 988 314 fluens
1001 283 1124 327 atque
1137 277 1405 314 Acarnaniam

220 336 271 373 ab
298 335 459 373 Aetolia
485 335 676 373 dirimens
703 342 745 373 et
772 337 1018 373 Artemitam
1044 335 1215 373 insulam
1241 335 1409 373 adsiduo

220 400 352 431 terrae
372 397 533 432 invectu
552 397 777 432 continenti
797 395 1030 432 adnectens.

179 458 199 488 6
276 453 328 490 ΙΙ.
359 453 595 490 Aetolorum
653 453 790 504 populi
848 453 1113 498 Athamanes,
1171 452 1409 504 Tymphaei,

221 511 386 563 Ephyri,
427 513 664 558 Aenienses,
706 511 936 557 Perrhaebi,
978 512 1168 563 Dolopes,
1211 511 1410 557 Maraces,

221 572 404 616 Atraces,
423 584 446 608 a
464 572 607 622 quibus
627 572 755 608 Atrax
775 574 901 609 amnis
922 571 1035 608 Ionio
1054 573 1153 608 mari
1172 570 1408 608 infunditur.

221 629 406 667 Aetoliae
440 630 630 681 oppidum
666 630 846 681 Calydon
880 637 937 668 v—11
973 643 998 667 n
1031 644 1221 681 passuum
1255 643 1278 667 a
1311 631 1410 667 mari

221 691 334 726 iuxta
374 689 557 726 Evenum
599 703 772 734 amnem,
814 689 908 726 dein
953 689 1156 740 Macynia,
1200 688 1410 740 Molycria,

220 750 330 785 cuius
365 761 388 785 a
421 754 538 798 tergo
573 748 727 785 Chalcis
762 762 874 785 mons
909 755 952 786 et
984 747 1236 799 Taphiassus.
1292 754 1335 786 at
1369 750 1410 785 in

220 820 289 844 ora
329 810 650 857 promunturium
693 809 930 851 Antirrium‚
973 807 1041 844 ubi
1083 809 1231 844 ostium
1274 806 1410 844 Corin-

220 865 342 903 thiaci
364 869 471 903 sinus
493 869 623 903 minus
646 878 676 903 Μ
699 880 736 917 p.
762 866 976 903 latitudine
998 865 1202 903 influentis
1225 865 1409 903 Aetolos-

221 938 299 975 que
323 924 547 962 dirimentis
571 939 594 962 a
615 924 902 976 Peloponneso,
956 927 1280 976 promunturium
1301 924 1408 975 quod

220 990 360 1021 contra
383 983 566 1034 procedit
591 984 818 1035 appellatur
843 983 983 1021 Rhion.
1039 983 1111 1021 sed
1135 986 1176 1020 in
1202 982 1409 1021 Corinthio

221 1045 309 1080 sinu
339 1043 487 1094 oppida
517 1043 702 1080 Aetoliae
735 1043 981 1094 Naupactus,
1012 1042 1265 1094 Eupalimna,
1296 1048 1339 1080 et
1369 1045 1409 1079 in

221 1101 518 1139 mediterraneo
552 1101 736 1147 Pleuron,
772 1102 996 1140 Halicarna.
1053 1107 1210 1139 montes
1242 1100 1337 1139 clari
1368 1103 1409 1138 in

222 1160 393 1198 Dodone
415 1161 621 1206 Tomarus,
643 1164 682 1198 in
705 1162 920 1199 Ambracia
942 1161 1099 1206 Crania,
1121 1163 1161 1197 in
1183 1161 1410 1198 Acarnania

221 1219 491 1271 Aracynthus,
547 1223 587 1257 in
644 1220 804 1258 Aetolia
860 1219 1060 1265 Achaton,
1118 1218 1412 1264 Panaetolium,

222 1278 468 1330 Macynium.

182 1343 200 1372 7
277 1338 352 1375 ΙΙΙ.
383 1337 570 1376 proxumi
589 1339 744 1376 Aetolis
763 1338 879 1376 Locri
895 1340 1229 1389 cognominantur
1246 1336 1409 1383 Ozolae,

221 1399 430 1435 immunes.
487 1398 678 1448 oppidum
704 1397 906 1442 Oeanthe,
928 1403 1067 1448 portus
1091 1396 1287 1448 Apollinis
1310 1395 1412 1434 Pha-

222 1459 326 1500 estii,
349 1459 456 1494 sinus
480 1456 685 1501 Crisaeus;
723 1459 830 1494 intus
853 1457 1000 1507 oppida
1023 1458 1203 1507 Argyna,
1225 1455 1409 1506 Eupalia,

223 1513 454 1560 Phaestum,
479 1515 709 1553 Calamisus.
767 1515 870 1552 ultra
894 1515 1072 1553 Cirrhaei
1098 1514 1281 1552 Phocidis
1304 1528 1409 1552 cam-

221 1576 275 1625 pi,
305 1575 496 1625 oppidum
526 1574 678 1620 Cirrha,
707 1580 845 1625 portus
876 1574 1090 1619 Chalaeon,
1121 1587 1144 1610 a
1173 1587 1252 1624 quo
1281 1580 1339 1612 ν-ιῖ
1369 1587 1407 1624 p.

221 1635 413 1671 introrsus
429 1633 599 1671 liberum
615 1634 807 1685 oppidum
825 1632 973 1684 Delphi
988 1633 1062 1670 sub
1078 1638 1216 1670 monte
1234 1631 1408 1670 Parnaso

181 1697 201 1728 8
225 1692 428 1730 clarissimi
452 1695 492 1730 in
516 1695 632 1730 terris
655 1693 802 1730 oraculi
827 1691 1032 1743 Apollinis.
1088 1692 1174 1729 fons
1199 1691 1408 1736 Castalius,

222 1754 350 1790 amnis
376 1751 569 1803 Cephisus
595 1751 821 1802 praefluens
850 1751 1042 1802 Delphos,
1068 1757 1178 1788 ortus
1203 1752 1244 1787 in
1271 1749 1408 1787 Lilaea

265 1905 280 1921 ⁰
303 1900 311 1913 ⁴
327 1899 622 1941 Strong-smelling
637 1899 730 1930 '—so
758 1898 864 1930 called
893 1898 1002 1930 either
1028 1898 1117 1930 from
1143 1897 1233 1929 their
1259 1898 1406 1939 wearing

219 1942 405 1977 undressed
421 1943 516 1974 hides
531 1953 569 1974 or
582 1943 672 1974 {rom
686 1942 745 1974 the
759 1941 925 1984 asphodel
939 1942 1090 1984 growing
1105 1942 1141 1973 in
1156 1941 1246 1973 their
1261 1944 1407 1984 country

220 1998 258 2019 or
274 1988 362 2019 from
379 1987 423 2018 ita
439 1996 611 2029 vaporous
627 1986 770 2028 spring&

230 2061 296 2088 122
