1515 2351
470 96 637 135 PLINY
651 111 660 135 ι
712 96 976 134 NATURAL
1012 96 1251 135 HISTORY

271 199 523 252 Pyrenaeum
543 200 766 244 Cerretani,
785 200 879 236 dein
900 199 1111 236 Vascones.
1165 202 1207 236 in
1224 213 1294 237 ora
1312 206 1449 237 autem

270 270 423 307 colonia
449 270 615 306 Barcino
639 271 876 319 cognomine
903 268 1109 314 Faventia,
1133 269 1281 320 oppida
1304 271 1448 307 civium

273 340 542 377 Romanorum
560 339 744 383 Baetulo,
765 338 884 383 Iluro,
902 337 1051 376 flumen
1070 339 1239 384 Arnum,
1256 338 1449 384 Blandae,

272 409 421 446 flumen
465 409 583 453 Alba,
628 409 856 458 Emporiae,
899 411 1105 458 geminum
1148 407 1223 446 hoc
1266 414 1448 446 veterum

272 479 488 516 incolarum
525 484 565 515 et
604 478 847 515 Graecorum
884 480 951 528 qui
988 476 1301 515 Phocaeensium
1336 477 1449 515 fuere

271 548 442 593 suboles,
475 548 623 585 flumen
655 548 782 584 Ticer.
838 548 889 584 ab
922 560 969 583 eo
1003 545 1210 598 Pyrenaea
1242 547 1377 586 Venus
1408 550 1448 585 in

271 619 396 656 latere
415 620 665 669 promunturi
683 617 809 654 altero
827 624 885 654 ᾗ.

325 688 439 725 Nunc
470 702 542 738 per
573 687 748 738 singulos
779 693 998 724 conventus
1030 687 1251 724 reddentur
1281 690 1451 738 insignia

270 765 431 808 praeter
465 771 583 808 supra
618 757 738 794 dicta.
792 757 1015 794 Tarracone
1050 758 1279 808 disceptant
1313 756 1450 808 populi

271 840 365 873 ian,
385 841 554 878 quorum
574 827 823 864 celeberrimi
843 829 986 864 civium
1011 827 1280 864 Romanorum
1305 827 1451 864 Derto-

270 901 369 942 sani,
406 897 687 948 Bisgargitani,
725 897 958 934 Latinorum
996 898 1206 942 Ausetani,
1242 897 1449 935 Cerretani

270 970 336 1018 qui
355 967 497 1004 Iuliani
512 969 847 1018 cognominantur
863 973 905 1004 et
921 969 987 1018 qui
1004 968 1245 1018 Augustani,
1260 966 1449 1012 Edetani,

269 1037 567 1082 Gerundenses,
617 1037 912 1082 Gessorienses,
959 1037 1076 1074 Teari
1125 1040 1191 1088 qui
1243 1037 1450 1082 Iulienses,

268 1107 618 1158 stipendiariorum
648 1107 978 1158 Aquicaldenses,
1006 1108 1272 1152 Aesonenses,
1300 1106 1450 1144 Baecu-

268 1177 462 1215 lonenses.

322 1247 642 1298 Caesaraugusta
690 1247 843 1285 colonia
893 1249 1079 1285 immunis
1129 1261 1246 1285 amne
1297 1248 1449 1286 Hibero

267 1317 408 1354 adfusa
458 1318 525 1354 ubi
577 1317 769 1368 oppidum
819 1324 941 1355 antea
992 1318 1208 1355 vocabatur
1258 1317 1447 1362 Salduba,

266 1389 439 1437 regionis
494 1387 733 1431 Edetaniae,
788 1390 928 1438 recipit
983 1387 1148 1438 populos
1193 1400 1252 1432 LV,
1295 1400 1345 1424 ex
1388 1386 1449 1424 his

265 1459 409 1494 civium
427 1457 696 1494 Romanorum
713 1456 976 1502 Bilbilitanos,
992 1457 1200 1495 Celsenses
1217 1470 1266 1494 ex
1281 1456 1449 1501 colonia,

267 1526 589 1576 Calagurritanos
611 1529 678 1577 qui
701 1527 835 1563 Nasici
854 1529 1202 1577 cognominantur,
1224 1526 1449 1564 Ilerdenses

268 1596 519 1633 Surdaonum
532 1599 667 1646 gentis
682 1599 795 1633 iuxta
810 1609 909 1646 quos
923 1595 1066 1634 Sicoris
1081 1595 1236 1640 fluvius,
1251 1596 1448 1634 Oscenses

268 1667 440 1716 regionis
477 1665 773 1711 Suessetaniae‚
809 1666 1161 1710 'l'uriassonenses;
1213 1665 1448 1703 Latinorum

267 1741 448 1772 veterum
470 1735 774 1780 Cascantenses,
790 1735 1092 1786 Ergavicenses‚
1107 1735 1449 1780 Graccurritanos,

268 1805 549 1850 Leonicenses,
576 1805 885 1849 Osicerdenses3
912 1805 1141 1842 foederatos
1162 1805 1448 1849 Tarracenses;

265 1874 546 1924 stipendiarios
582 1874 910 1925 Arcobrigenses,
947 1874 1265 1920 Andelonenses,
1301 1875 1449 1911 Arace-

266 1943 422 1988 litanos,
462 1943 774 1989 Bursaonenses,
815 1943 1139 1995 Calagurritanos
1180 1946 1248 1995 qui
1289 1943 1449 1981 Fibula—

269 2035 315 2060 20
