1515 2351
423 126 552 165 PLIN
555 127 590 164 Y
606 141 615 165 :
667 127 933 165 NATURAL
970 126 1209 164 HISTORY

221 230 444 276 violentior,
477 231 575 268 Saus
608 245 657 269 ex
693 231 859 282 Alpibus
893 231 1068 268 Carnicis
1101 229 1307 280 placidior,
1337 235 1412 269 Efx

222 295 444 340 intervallo,
492 296 622 333 Draus
668 309 740 346 per
785 296 979 340 Serretes,
1025 294 1242 344 Sirapillos‚
1290 294 1413 340 Iasos,

144 363 204 394 148
224 359 457 404 Andizetes,
484 359 582 397 Saus
608 374 680 410 per
706 360 942 410 Colapianos
968 359 1234 410 Breucosque.
1285 372 1411 410 popu-

143 1204 202 1234 149

145 1656 207 1687 150

221 423 348 460 lorum
400 423 498 461 haec
549 427 704 474 capita3
769 430 982 475 praeterea
1033 424 1233 468 Arviates,
1285 422 1412 468 Azali,

223 489 445 533 Amantini,
490 488 683 539 Belgites,
729 489 877 534 Catari,
922 488 1178 533 Cornacates,
1222 485 1412 532 Eravisci,

224 552 504 597 Hercuniates,
555 553 748 598 Latovici,
798 553 1016 598 Oseriates,
1057 552 1253 597 Varciani,
1299 565 1412 589 mons

223 616 424 662 Claudius,
446 620 556 654 cuius
578 620 617 654 in
639 617 771 655 fronte
793 617 1002 662 Scordisci,
1022 620 1062 654 in
1083 623 1201 668 tergo
1220 616 1411 654 Taurisci.

223 681 350 718 insula
392 684 432 718 in
475 681 576 719 Savo
622 681 890 727 Metubarbis,
933 685 1179 719 amnicarum
1223 683 1409 718 maxima.

222 752 434 796 praeterea
489 760 626 784 amnes
682 747 931 784 memorandi
985 746 1141 796 Colapis
1196 749 1236 782 in
1290 745 1411 783 Saum

224 810 390 848 influens
433 814 546 848 iuxta
586 811 750 849 Sisciam
791 814 953 862 gemino
994 811 1107 848 alveo
1148 810 1316 848 insulam
1357 811 1412 848 ibi

222 875 342 912 efficit
365 889 468 926 quae
492 876 701 927 Segestica
724 876 962 927 appellatur,
985 875 1088 913 alter
1110 878 1237 912 amnis
1261 874 1412 912 Bacun-

222 942 301 976 tius
317 942 356 976 in
371 939 493 977 Saum
509 940 651 978 Sirmio
666 941 814 992 oppido
829 940 973 985 influit,
989 941 1055 977 ubi
1071 943 1210 977 civitas
1225 939 1412 976 Sirmien-

222 1007 322 1041 sium
362 1011 404 1042 et
442 1007 763 1043 Amantinorum.
819 1005 913 1042 inde
951 1011 1024 1043 Ἦ
1061 1005 1306 1049 Taurunum,
1344 1004 1412 1042 ubi

224 1068 409 1106 Danuvio
444 1073 634 1107 miscetur
669 1070 790 1114 Saus3
840 1083 959 1121 supra
994 1069 1167 1107 influunt
1202 1068 1411 1111 Valdasus,

225 1133 425 1185 Urpanus,
450 1141 493 1172 et
517 1137 590 1186 ipsi
615 1148 694 1172 non
719 1135 927 1186 ignobiles.

274 1198 420 1236 XXVI.
452 1198 681 1237 Pannoniae
704 1202 883 1250 iungitur
903 1202 1106 1250 provincia
1128 1211 1231 1250 quae
1256 1197 1413 1236 Moesia

224 1263 463 1314 appellatur,
476 1263 526 1301 ad
541 1262 712 1301 Pontum
727 1278 852 1314 usque
865 1277 956 1301 cum
970 1264 1157 1301 Danuvio
1169 1263 1387 1300 decurrens
1400 1274 1410 1307 ;

223 1329 361 1378 incipit
398 1342 422 1365 a
457 1328 686 1366 confluente
724 1342 842 1379 supra
879 1329 1000 1366 dicto.
1056 1331 1096 1365 in
1133 1341 1181 1365 ea
1219 1327 1411 1372 Dardani,

224 1392 421 1443 Celegeri,
439 1393 614 1438 Triballi,
632 1393 826 1437 Timachi,
848 1393 992 1438 Moesi,
1009 1392 1182 1430 Thraces
1202 1391 1410 1443 Pontoque

222 1460 459 1495 contermini
515 1457 700 1508 Scythae.
732 1458 922 1495 ·flumina
974 1457 1080 1495 clara
1134 1470 1156 1494 e
1213 1456 1411 1494 Dardanis

226 1521 406 1573 Margus,
433 1521 595 1573 Pingus‚
618 1522 843 1567 Timachus‚
869 1536 918 1560 ex
952 1521 1143 1572 Rhodope
1174 1521 1339 1567 Oescus,
1361 1534 1410 1558 ex

226 1585 382 1623 Haemo
401 1587 520 1631 Utus,
538 1588 723 1632 Asamus,
743 1587 911 1624 Ieterus.

279 1650 422 1702 Illyrici
447 1651 617 1689 latitudo
640 1665 718 1702 qua
741 1654 915 1689 maxima
938 1658 1000 1689 est
1020 1657 1165 1690 effi
1187 1665 1225 1702 p.
1248 1650 1412 1702 colligit,

224 1715 432 1766 longitudo
457 1729 480 1752 a
506 1716 668 1754 flumine
695 1717 810 1753 Arsia
835 1716 885 1753 ad
906 1715 1055 1754 flumen
1081 1716 1266 1754 Drinium
1288 1721 1413 1759 πῖ

225 1793 248 1816 a
288 1780 428 1817 Drinio
467 1780 516 1817 ad
557 1783 877 1831 promunturium
917 1782 1254 1818 Acroceraunium
1292 1792 1411 1817 cmv

225 1845 405 1895 Agrippa
440 1845 630 1896 prodidit,
667 1848 893 1883 universum
929 1851 1066 1883 autem
1103 1848 1232 1882 sinum
1270 1844 1411 1882 Italiae

470 1967 485 1982 ⁰
510 1964 662 2006 Despoto
678 1964 776 2005 Dagh
793 1965 826 1996 in
843 1965 902 1996 the
918 1964 1051 1996 Balkan
1067 1964 1178 1997 chain.

475 2006 487 2026 θ
508 2007 580 2038 The
598 2007 702 2039 Great
720 2007 863 2039 Balkan.

228 2067 296 2091 110
