1515 2351
110 211 171 242 124

391 100 559 138 PLINY
574 114 583 138 ι
635 101 900 139 NATURAL
936 101 1173 140 HISTORY

241 205 450 256 Euphrate
493 209 673 256 navigari
716 206 966 257 Babylonem
1010 219 1034 244 e
1077 206 1234 244 Persico
1276 208 1376 244 mari

186 291 333 316 ccccxu
361 292 400 329 p.
423 278 591 316 tradunt
616 277 820 316 Nearchus
844 285 885 316 et
909 278 1169 324 Onesicritus,
1192 282 1259 329 qui
1283 293 1376 317 vero

187 358 328 402 postea
352 354 544 401 scripsere
569 351 621 389 ad
645 351 869 389 Seleuciam
895 364 1048 396 CCCCXL,
1073 352 1174 389 Iuba
1198 365 1221 389 a
1246 351 1376 404 Baby·

187 425 276 461 lone
301 424 509 462 Characen
534 437 654 461 σωκ-κν
680 437 718 462 D.
745 424 868 462 fluere
893 424 1014 474 aliqui
1039 424 1145 462 ultra
1170 424 1376 476 Babylona

187 500 377 535 continuo
420 497 548 542 alveo,
592 500 822 548 priusquam
866 496 1116 535 distrahatur
1157 497 1208 535 ad
1250 500 1377 549 rigua,

189 582 358 614 mcxxvii,
388 573 571 608 universo
600 577 738 608 autem
759 583 875 607 cursu
898 568 980 621 Ῑὶ-ιῆ
1004 582 1042 619 p.
1065 573 1375 608 inconstantiam

186 655 398 681 mensurae
439 643 649 680 diversitas
691 649 901 680 auctorum
943 642 1055 687 facit,
1096 657 1186 680 cum
1230 643 1376 681 Persae

186 729 345 766 quoque
381 715 574 754 schoenos
611 722 652 754 et
690 729 936 767 parasangas
972 716 1038 753 alii
1075 716 1153 753 alia
1190 729 1376 754 mensura

150 797 168 823 ,5
189 787 476 827 determinent.
532 789 599 826 ubi
621 789 739 826 desiit
763 789 877 826 alveo
898 792 1067 833 munire,
1089 789 1140 826 ad
1161 789 1375 827 confinium

187 860 375 899 Characis
409 862 629 899 accedente
663 868 811 906 tractu,
846 864 985 899 statim
1019 861 1213 900 infestant
1247 862 1378 899 Attali

186 934 376 978 latrones,
394 935 575 972 Arabum
593 948 706 985 gens,
725 935 830 972 ultra
849 948 947 985 quos
965 933 1164 972 Scenitae.
1219 934 1375 972 ambitu

189 1020 281 1044 vcro
307 1006 526 1057 Euphratis
554 1007 756 1045 Nomades
784 1008 959 1044 Arabiae
986 1021 1112 1058 usque
1138 1007 1190 1045 ad
1215 1008 1376 1046 deserta

186 1079 339 1131 Syriae,
367 1080 472 1117 unde
500 1084 540 1117 in
567 1080 776 1118 meridiem
808 1080 915 1118 flecti
947 1094 1038 1117 eum
1070 1080 1257 1126 diximus,
1287 1080 1376 1118 soli-

110 1158 170 1188 126
189 1153 349 1190 tudines
385 1152 644 1204 Palmyrenas
680 1153 989 1204 relinquentem.
1045 1151 1226 1190 Seleucia
1261 1154 1376 1192 abest

185 1239 209 1262 a
253 1229 388 1276 capite
437 1226 763 1276 Mesopotamiae
809 1224 1048 1276 Euphrate1
1095 1227 1376 1277 navigantibus

190 1296 255 1349 ,λ’-11
281 1300 354 1335 x—xv
377 1312 431 1349 p.,
453 1313 475 1336 a
510 1299 613 1336 Mari
638 1299 785 1344 Rubro,
808 1302 838 1336 si
861 1299 968 1349 Tigri
999 1301 1225 1349 navigetur,
1246 1311 1379 1345 cccxx,

186 1385 210 1408 a
232 1372 454 1422 Zeugmate
478 1383 656 1410 Dccxxu‘.
711 1372 889 1422 Zeugma
906 1372 1021 1409 abest
1037 1370 1219 1409 Seleucia
1238 1371 1377 1423 Syriae

187 1444 237 1481 ad
266 1451 446 1482 nostrum
473 1445 567 1481 litus
596 1442 732 1483 ἐῶν-1.
798 1444 897 1482 haec
926 1450 987 1482 est
1015 1445 1069 1482 ibi
1095 1444 1270 1482 latitudo
1297 1451 1377 1482 ter-

187 1531 319 1554 rarum
336 1520 442 1555 inter
457 1517 537 1555 duo
553 1520 694 1562 maria,
711 1516 886 1554 Parthici
904 1531 996 1555 vero
1013 1519 1124 1568 regni
1145 1528 1376 1555 Dccccxvnl.

239 1589 391 1626 XXXI.
423 1591 495 1628 Est
517 1593 740 1627 etiamnum
767 1590 958 1640 oppidum
992 1590 1312 1640 Mesopotamiae
1335 1592 1376 1626 in

188 1666 273 1713 ripa
301 1663 428 1714 Tigris
457 1666 560 1700 circa
590 1662 852 1707 confluentes,
874 1663 980 1714 quod
1013 1668 1155 1700 vocant
1188 1662 1376 1713 Digbam.

554 1760 565 1779 ¹
591 1759 768 1801 Maykoff:
800 1759 1014 1801 Euphraten.

230 1885 247 1929 ια
271 1880 333 1912 See
358 1890 391 1922 p.
416 1881 490 1917 266,
512 1890 545 1912 n.
568 1891 600 1912 a.
645 1879 718 1911 The
739 1890 910 1920 parasanq
934 1890 1004 1911 was
1028 1881 1070 1912 30
1095 1879 1223 1917 stades,
1251 1889 1313 1921 say
1337 1880 1375 1918 32

191 1923 452 2007 unilt‘including
471 1965 529 1997 the
548 1965 685 1998 Persian
703 1965 794 2002 Guls,
812 1975 846 2006 p.
863 1966 938 2001 420,
958 1976 990 1998 u.
1006 1977 1039 1998 α.

187 2041 258 2076 432
