1515 2351
408 123 574 160 PLINY
591 138 599 161 z
653 123 919 161 NATURAL
958 123 1197 161 HISTORY

209 234 252 266 et
284 228 429 279 Illyrici
460 228 614 264 ambitu
650 233 770 279 lkffil.
826 229 866 263 in
895 240 943 264 eo
963 227 1042 264 duo
1071 228 1196 264 maria
1222 240 1302 278 quo
1320 226 1398 265 dis-

209 295 401 330 tinximus
449 291 541 336 fine,
590 291 746 328 Ionium
793 293 834 327 in
879 293 1008 342 prima
1053 296 1185 341 parte,
1231 293 1397 329 interius

211 357 490 394 Hadriaticum
511 355 617 406 quod
636 355 833 406 Superum
853 361 1008 392 vocant.

131 426 188 456 151
264 420 421 458 Insulae
446 423 486 457 in
510 421 688 457 Ausonio
713 422 810 456 mari
834 425 997 470 praeter
1020 423 1099 457 iarn
1123 419 1250 457 dictas
1274 433 1398 458 mem-

209 491 325 522 oratu
349 485 496 535 dignae
523 484 668 529 nullae,
693 486 733 520 in
759 484 873 521 Ionio
897 497 1063 534 paucae,
1088 484 1257 521 Calabro
1280 484 1396 522 litore

210 556 305 587 ante
343 549 598 586 Brundisium
636 562 804 599 quarum
841 549 1003 585 obiectu
1040 554 1179 599 portus
1216 548 1397 594 efficitur,

208 620 348 652 contra
390 613 568 664 Apulum
610 613 703 650 litus
748 613 963 650 Diomedia
1005 615 1218 663 conspicua
1260 626 1396 650 monu-

210 685 349 716 mento
387 677 595 715 Diomedis
633 683 675 715 et
712 677 839 714 altera
876 677 1020 714 eodem
1057 680 1217 714 nomine
1254 690 1279 714 a
1314 680 1396 728 qui-

210 743 379 781 busdam
397 743 562 779 Teutria
579 742 793 793 appellata.

263 807 409 858 Illyrici
452 821 520 844 ora
563 807 669 843 inille
713 807 882 857 amplius
925 806 1060 844 insulis
1104 806 1397 857 frequentatur,

211 879 355 910 natura
382 872 528 909 vadoso
555 874 653 908 mari
681 873 972 921 aestuariisque
998 873 1112 908 tenui
1139 871 1251 908 alveo
1277 873 1398 908 inter-

211 937 475 974 cursantibus.
529 936 658 973 clarae
703 942 797 973 ante
841 938 944 973 ostia
985 935 1138 972 Timavi
1181 935 1396 973 calidorum

213 1001 384 1039 fontium
419 1015 510 1038 cum
545 1007 659 1038 aestu
694 1002 812 1037 maris
846 1003 1127 1045 crescentium,
1161 1002 1275 1038 iuxta
1310 999 1398 1037 His-

213 1073 364 1104 trorum
398 1079 539 1116 agrum
573 1065 696 1110 Cissa,
731 1064 902 1101 Pullaria
935 1071 977 1102 et
1010 1064 1250 1116 Absyrtides
1285 1063 1398 1102 Grais

213 1131 345 1168 dictae
391 1143 414 1167 a
459 1130 581 1167 fratre
630 1129 804 1167 Medeae
850 1130 903 1166 ibi
949 1129 1164 1166 interfecto
1209 1129 1396 1180 Absyrto.

133 1200 194 1232 152
217 1198 330 1232 iuxta
359 1208 426 1232 eas
456 1194 678 1232 Electridas
709 1207 899 1231 vocavere
929 1196 969 1230 in
1000 1194 1142 1244 quibus
1171 1196 1399 1244 proveniret

213 1262 394 1297 sucinum
443 1259 550 1310 quod
597 1259 652 1295 illi
701 1259 893 1296 electrum
944 1258 1163 1309 appellant,
1212 1259 1399 1295 vanitatis

211 1324 389 1361 Graecae
428 1325 693 1361 certissimum
733 1323 1035 1368 documentum,
1075 1322 1178 1360 adeo
1217 1328 1262 1360 ut
1301 1335 1398 1373 quas

212 1402 349 1427 earum
377 1389 592 1439 designent
620 1387 719 1425 haut
747 1401 938 1438 umquam
964 1389 1206 1425 constiterit.
1259 1393 1400 1424 contra

214 1454 331 1491 Iader
355 1459 417 1490 est
441 1453 554 1490 Lissa
577 1459 619 1490 et
643 1466 745 1502 quae
770 1452 1013 1502 appellatae,
1036 1458 1178 1489 contra
1202 1451 1399 1489 Liburnos

213 1518 382 1555 Cratcae
411 1517 564 1567 aliquot
591 1530 665 1554 nec
693 1519 900 1567 pauciores
930 1516 1183 1561 Liburnicae,
1211 1516 1399 1553 Celadus-

212 1596 293 1626 sae,
321 1587 461 1619 contra
489 1582 646 1618 Surium
675 1581 782 1617 Bavo
811 1586 853 1618 et
881 1583 1009 1631 capris
1038 1581 1202 1617 laudata
1230 1580 1399 1625 Brattia,

215 1647 297 1684 Issa
337 1649 481 1683 civium
525 1645 794 1682 Romanorum
836 1651 879 1682 et
919 1659 1009 1682 cum
1051 1645 1199 1696 oppido
1242 1643 1397 1682 Pharia.

251 1781 266 1796 ⁰
289 1776 349 1808 I.e.
379 1775 437 1807 the
465 1786 523 1806 eea
551 1775 653 1807 south
683 1776 716 1806 oi
746 1775 805 1806 the
833 1775 961 1806 Straits
989 1775 1025 1806 of
1055 1775 1215 1812 Otrauto,
1248 1774 1400 1806 between

205 1820 265 1852 the
279 1819 382 1850 south
397 1820 432 1850 of
448 1819 538 1860 Italy
555 1819 622 1849 and
640 1820 774 1849 Greece.

254 1863 266 1882 ⁶
288 1862 398 1895 south
415 1863 449 1893 oi
466 1862 523 1892 the
540 1866 596 1893 toe
611 1862 646 1892 of
663 1861 754 1902 Italy
770 1861 839 1892 and
855 1864 930 1892 east
945 1860 980 1892 of
994 1860 1109 1902 Sicily.

255 1911 267 1926 ⁰
291 1906 374 1937 Now
392 1905 546 1937 Tremiti.

251 1949 266 1968 ‘¹
289 1949 373 1980 Now
388 1948 549 1989 Capram.

251 1998 262 2011 ⁶
286 1991 396 2033 Bagai
412 1991 446 2022 dj
463 1991 580 2022 Monte
595 1990 756 2022 Falcone.

216 2067 282 2092 112
