1515 2351
100 439 141 471 86

98 1216 139 1247 87

97 1668 138 1697 88

372 136 564 175 PLINY:
616 136 881 174 NATURAL
917 135 1155 173 HISTORY

169 241 242 279 hoc
265 247 388 279 eunte
412 255 491 292 quo
514 241 614 284 vult,
634 240 703 278 illo
725 239 966 290 prohibente
986 242 1043 277 ire
1066 253 1146 290 qua
1167 239 1276 277 velit.
1331 253 1355 277 a

168 309 400 344 catarractis
447 309 594 343 iterum
641 308 864 355 navigatur.
919 305 968 340 ᾗ
1011 317 1050 354 p.
1099 304 1194 342 inde
1239 304 1355 350 Com—

169 384 361 421 magenes
379 376 502 420 caput
521 369 743 407 Samosata.

220 435 331 472 XXI.
362 435 511 471 Arabia
542 447 661 484 supra
691 433 799 471 dicta
829 432 954 471 habet
984 433 1130 484 oppida
1161 433 1354 471 Edessam

169 513 274 550 quae
308 499 512 550 quondam
546 497 761 535 Antiochia
795 498 1018 543 dicebatur,
1052 497 1299 536 Callirrhoen
1331 511 1355 535 a

169 564 283 601 fonte
327 566 591 608 nominatam,
637 562 807 600 Carrhas
853 562 982 600 Crassi
1027 562 1144 600 clade
1189 563 1353 601 nobiles.

168 631 348 679 iungitur
398 627 653 679 praefectura
707 627 1029 678 Mesopotamiae
1080 627 1131 664 ab
1183 628 1354 678 Assyriis

169 696 363 744 originem
379 692 559 736 trahens,
575 696 616 730 in
632 706 711 743 qua
727 691 996 730 Anthemusia
1012 698 1054 729 et
1072 691 1354 743 Nicephorium

168 757 329 808 oppida.
383 771 477 795 mox
497 758 652 795 Arabes
673 760 741 808 qui
761 756 946 794 Praetavi
966 762 1180 801 vocantur3
1214 756 1354 794 horum

166 829 289 872 caput
321 821 502 873 Singara.
556 835 579 859 a
610 821 828 859 Samosatis
861 827 1013 866 autem,
1042 821 1170 859 latere
1202 821 1355 873 Syriae,

170 887 354 937 Marsyas
380 890 507 924 amnis
533 886 675 924 influit.
731 886 901 937 Cingilla
927 886 1227 937 Commagenen
1254 886 1355 931 finit,

170 952 424 989 Imeneorum
456 954 595 989 civitas
627 954 778 1001 incipit.
834 951 980 1001 oppida
1012 951 1230 988 adluuntur
1262 951 1355 1002 Epi-

167 1016 315 1067 phania
347 1023 389 1054 et
422 1015 636 1053 Antiochia
669 1029 772 1067 quae
805 1016 856 1052 ad
888 1015 1123 1066 Euphraten
1158 1016 1351 1060 vocatur‚1

168 1084 266 1119 item
284 1082 462 1131 Zeugma
480 1083 583 1117 ιῖϊἮι
602 1094 639 1131 p.
659 1094 682 1117 a
699 1080 932 1126 Samosatis,
947 1083 1120 1118 transitu
1137 1080 1354 1131 Euphratis

168 1145 322 1183 nobile:
365 1159 416 1183 ex
444 1146 610 1183 adverso
638 1146 864 1196 Apameam
892 1145 1095 1190 Seleucus,
1122 1145 1230 1183 idem
1260 1149 1354 1183 utri-

166 1223 295 1261 usque
344 1211 539 1255 conditor,
590 1216 715 1260 ponte
765 1213 964 1248 iunxerat.
1019 1213 1087 1261 qm·
1136 1209 1354 1248 cohaerent

169 1275 492 1325 Mesopotamiae
517 1274 657 1312 Rhoali
681 1281 884 1312 vocantur.
941 1281 984 1312 at
1006 1278 1046 1312 in
1070 1274 1184 1326 Syria
1207 1275 1353 1326 oppida

167 1340 387 1390 Europum,
418 1339 670 1390 Thapsacum
703 1340 920 1390 quondam,
952 1353 1056 1377 nunc
1089 1339 1353 1390 Amphipolis,

167 1405 322 1442 Arabes
348 1404 546 1442 Scenitae.
602 1408 658 1442 ita
683 1405 810 1442 fertur
832 1418 960 1455 usque
982 1404 1123 1442 Suram
1145 1404 1290 1449 locum,
1313 1408 1353 1442 in

167 1483 246 1520 quo
272 1482 483 1506 conversus
511 1469 562 1506 ad
589 1472 785 1507 orientem
814 1469 1002 1519 relinquit
1030 1468 1170 1520 Syriae
1195 1469 1352 1521 Palmy-

166 1546 282 1570 renas
312 1533 546 1571 solitudines
576 1547 681 1584 quae
710 1547 837 1584 usque
866 1534 916 1570 ad
948 1533 1108 1571 Petram
1139 1534 1279 1572 urbem
1309 1539 1351 1571 et

166 1601 371 1648 regionem
392 1598 567 1635 Arabiae
589 1598 727 1635 Felicis
748 1598 977 1648 appellatae
995 1601 1213 1648 pertinent.

218 1662 403 1712 Palmyra
439 1662 531 1699 urbs
568 1662 709 1700 nobilis
744 1665 838 1707 situ,
873 1662 1019 1700 divitiis
1054 1662 1126 1700 soli
1161 1668 1203 1700 et
1238 1666 1350 1714 aquis

166 1729 357 1770 amoenis,
403 1733 515 1763 vasto
559 1727 739 1777 undique
782 1728 938 1764 ambitu
983 1726 1140 1764 harenis
1185 1727 1348 1765 includit

544 1847 555 1866 ¹
581 1846 771 1878 liackhum:
797 1851 974 1879 vocantur.

649 1987 663 2002 ⁶
685 1982 748 2013 See
766 1984 781 2023 ξ
796 1984 837 2015 65
853 1993 887 2015 n.

167 2061 238 2098 286
