1515 2351
148 208 181 238 ll

149 822 187 854 12

151 1563 186 1593 13

411 99 577 137 PLINY
593 113 602 137 ι
654 98 919 137 NATURAL
956 97 1194 137 HISTORY

268 203 429 254 Oppida
453 202 700 253 Hispalensis
721 208 942 239 conventus
965 201 1084 247 Celti,
1107 202 1245 246 Axati,
1269 201 1393 245 Arua,

207 264 398 309 Canama,
427 265 538 309 Evia,
569 264 669 314 Ilipa
707 266 945 314 cognomine
987 263 1073 313 Ilpa
1102 263 1256 307 Italica,
1295 268 1338 300 et
1370 275 1393 299 a

210 326 322 362 laeva
365 325 504 376 Hispal
553 325 707 362 colonia
748 327 987 376 cognomine
1037 324 1301 369 Romulensis,
1343 337 1392 361 ex

210 388 376 425 adverso
422 387 613 438 oppidum
655 387 775 423 Osset
816 386 923 436 quod
955 388 1260 437 cognominatur
1296 385 1395 422 Iulia

212 449 462 494 Constantia,
494 449 746 499 Vergentum
778 447 885 498 quod
918 447 992 485 Iuli
1024 447 1189 493 Genius,
1228 447 1394 498 Orippo,

211 510 355 555 Caura,
390 509 560 554 Siarum,
596 509 736 547 fluvius
775 509 982 546 Maenuba
1017 509 1134 546 Baeti
1169 514 1212 546 et
1247 511 1333 559 ipse
1369 522 1393 545 a

211 572 356 609 dextro
371 572 498 609 latere
515 571 679 608 infusus.
736 577 778 608 at
794 573 900 608 inter
916 573 1117 608 aestuaria
1132 570 1269 607 Baetis
1282 572 1394 621 oppi-

211 633 307 671 dum
354 633 543 671 Nabrissa
587 635 826 683 cognomine
872 632 1046 669 Veneria
1091 638 1133 669 et
1178 631 1394 676 Colobana,

210 695 390 732 coloniae
409 695 537 732 Hasta
553 708 657 745 quae
675 695 802 746 Regia
817 694 964 731 dicitur
979 700 1022 731 et
1042 696 1082 730 in
1099 693 1397 731 mediterraneo

211 757 337 794 Asido
356 770 458 807 quae
479 755 704 793 Caesarina.

269 817 426 869 Singilis
456 818 596 855 fluvius
624 820 664 855 in
692 817 850 855 Baetim
879 831 958 868 quo
986 817 1140 855 dictum
1169 823 1230 855 est
1259 816 1397 855 ordine

212 882 458 930 inrumpens,
484 881 759 931 Astigitanam
784 879 980 917 coloniam
1006 879 1134 917 adluit
1159 881 1396 930 cognomine

209 942 437 992 Augustam
472 941 659 986 Firmam,
691 942 742 978 ab
775 954 824 978 ea
855 941 1103 992 navigabilis.
1157 939 1272 978 huius
1304 954 1397 978 con-

212 1009 355 1041 ventus
385 1009 480 1040 sunt
509 1003 687 1054 reliquae
718 1003 897 1040 coloniae
928 1005 1112 1040 inmunes
1141 1003 1263 1040 Tucci
1293 1015 1397 1053 quae

211 1067 519 1115 cognominatur
543 1066 728 1116 Augusta
753 1065 950 1109 Gemella,
977 1065 1107 1115 Iptuci
1132 1077 1236 1115 quae
1261 1064 1398 1101 Virtus

215 1126 328 1171 Iulia,
349 1126 479 1163 Ucubi
499 1140 603 1177 quae
623 1126 792 1163 Claritas
814 1126 928 1171 Iulia,
948 1126 1052 1164 Urso
1072 1138 1175 1177 quae
1196 1125 1397 1163 Genetiva

216 1188 471 1225 Urbanorum
485 1201 494 1232 ;
515 1191 733 1238 interquae
749 1188 824 1225 fuit
837 1188 993 1225 Munda
1008 1201 1099 1225 cum
1113 1186 1305 1238 Pompeio
1319 1187 1398 1224 filio

213 1256 340 1300 rapta.
390 1250 537 1301 oppida
554 1250 678 1287 libera
696 1251 828 1301 Astigi
848 1250 986 1294 Vetus,
1004 1250 1190 1300 Ostippo,
1204 1248 1398 1300 stipendi-

217 1314 299 1348 aria
323 1311 468 1356 Callet,
489 1311 690 1356 Callicula,
711 1312 852 1349 Castra
876 1312 1061 1356 Gemina,
1084 1311 1226 1362 Ilipula
1252 1310 1398 1355 Minor,

217 1373 418 1418 Marruca,
444 1373 630 1417 Sacrana,
657 1373 868 1418 Obulcula,
894 1373 1078 1424 Oningis,
1104 1372 1268 1417 Sabora,
1293 1372 1398 1410 Ven-

212 1437 339 1485 tippo.
397 1435 646 1472 Maenubam
684 1449 844 1472 amnem
882 1441 925 1473 et
962 1438 1091 1486 ipsum
1129 1433 1397 1485 navigabilem

213 1495 313 1534 haut
331 1497 465 1548 procul
485 1497 670 1534 accolunt
689 1497 883 1548 Olontigi,
904 1497 1054 1541 Laelia,
1075 1496 1240 1547 Lastigi.

267 1558 381 1605 Quae
399 1565 537 1595 autem
561 1561 673 1609 regio
693 1572 716 1595 a
731 1558 857 1596 Baete
875 1558 926 1595 ad
942 1558 1104 1595 fluvium
1119 1559 1250 1595 Anam
1266 1557 1400 1595 tendit

214 1626 330 1657 extra
360 1621 570 1671 praedicta
599 1620 790 1658 Baeturia
820 1620 1046 1671 appellatur
1075 1622 1114 1656 in
1145 1619 1243 1657 duas
1273 1619 1400 1657 divisa

215 1688 349 1731 partes
378 1682 633 1732 totidemque
662 1688 821 1733 gentes,
851 1681 1024 1719 Celticos
1053 1684 1119 1732 qui
1150 1681 1398 1718 Lusitaniam

215 1746 437 1794 attingunt,
466 1743 714 1794 Hispalensis
740 1750 976 1787 conventus,
1002 1743 1198 1780 Turdulos
1225 1745 1292 1793 qui
1322 1742 1399 1779 Lu-

214 1808 400 1842 sitaniam
423 1812 464 1842 et
484 1806 824 1843 Tarraconensem
845 1805 1044 1849 accolunt,
1065 1807 1150 1841 iura
1171 1804 1398 1842 Cordubam

259 1898 273 1912 ‘¹
297 1894 434 1925 Gnaeus
451 1894 510 1925 the
533 1894 640 1925 eldest
657 1904 718 1925 son
736 1893 772 1925 of
795 1893 978 1934 Pompeius
995 1893 1139 1933 Magnus
1156 1903 1224 1924 was
1241 1891 1398 1924 defeated

215 1941 252 1968 at
265 1937 394 1968 Munda
407 1936 575 1977 (possibly
593 1947 673 1968 near
688 1936 860 1975 Cordova)
872 1938 914 1967 45
934 1945 1009 1972 n.c.‚
1023 1936 1090 1966 and
1103 1945 1186 1967 soon
1198 1935 1397 1968 afterwards

215 1980 382 2020 captured
399 1980 468 2011 and
484 1979 605 2018 killed;
636 1980 695 2011 the
711 1984 804 2012 town
821 1990 888 2010 was
905 1979 1096 2020 destroyed.

223 2038 263 2062 12
