1515 2351
179 351 214 380 71

176 843 216 872 72

174 1274 214 1305 73

172 1767 213 1797 74

451 118 617 157 PLINY
632 133 641 157 ι
693 120 958 158 NATURAL
995 119 1233 158 HISTORY

249 223 420 273 Argivae
446 223 497 260 ab
524 223 665 260 Iasone
690 224 852 260 condito
876 226 1053 274 insignis.
1108 227 1215 261 intus
1240 223 1430 274 oppidum

245 284 413 328 Salerni,
434 284 626 322 Picentia.

297 346 332 382 A
355 344 480 382 Silero
502 349 612 396 regio
634 349 756 383 tertia
780 352 821 383 et
844 360 941 396 ager
963 345 1148 384 Lucanus
1170 346 1431 397 Bruttiusque

246 410 397 456 incipit,
414 420 486 445 nec
506 408 556 443 ibi
577 420 666 444 rara
686 407 903 444 incolarum
920 411 1158 445 mutatione.
1212 413 1431 445 tenuerunt

246 482 337 505 eum
363 468 535 518 Pelasgi,
560 468 743 513 Oenotri,
769 469 876 513 Itali,
903 468 1126 520 Morgetes,
1150 468 1284 513 Siculi,
1308 469 1431 506 Grae-

243 533 329 567 ciae
353 533 527 566 maxime
552 530 703 580 populi,
727 534 938 567 novissime
965 530 1114 567 Lucani
1139 544 1162 567 a
1185 530 1430 567 Samnitibus

244 594 320 628 orti
352 591 454 628 duce
488 591 623 629 Lucio.
679 592 870 641 oppidum
905 592 1094 629 Paestum
1128 592 1292 630 Graecis
1325 591 1431 629 Posi-

243 653 362 690 donia
396 653 662 703 appellatum,
695 657 802 690 sinus
838 653 1074 698 Paestanus,
1107 653 1298 703 oppidum
1333 653 1431 690 Elea

244 727 348 764 quae
378 728 482 752 nunc
512 714 642 759 Velia,
672 718 993 765 promunturium
1025 714 1270 758 Palinurum,
1299 728 1323 751 a
1352 728 1431 765 quo

243 779 330 813 sinu
369 776 586 813 recedente
624 779 817 814 traiectus
856 776 907 813 ad
943 776 1180 813 Columnam
1211 776 1380 827 Regiam
1410 789 1432 814 c

245 851 296 874 m.
334 850 396 888 p.;
432 841 657 887 proximum
687 844 824 875 autem
855 838 1003 875 flumen
1039 838 1212 888 Melpes,
1240 837 1429 888 oppidum

243 898 473 936 Buxentum
516 900 711 937 Graeciae
754 899 902 950 Pyxus,
945 900 1050 937 Laus
1091 899 1348 937 amnis—fuit
1389 906 1430 937 et

242 961 434 1011 oppidum
479 961 621 999 eodem
664 965 837 999 nomine.
893 962 943 998 ab
987 975 1035 999 eo
1077 962 1280 999 Bruttium
1324 962 1430 1006 litus,

241 1023 433 1072 oppidum
454 1023 623 1067 Blanda,
644 1023 792 1060 flumen
813 1023 1014 1067 Baletum,
1033 1029 1171 1073 portus
1192 1022 1430 1061 Parthenius

243 1083 520 1129 phocensium,
564 1088 672 1122 sinus
717 1085 968 1129 Vibonensis,
1011 1085 1119 1122 locus
1163 1084 1430 1135 Clampetiae,

242 1146 432 1196 oppidum
478 1146 651 1197 Tempsa
697 1161 719 1183 a
766 1146 930 1184 Graecis
975 1147 1144 1184 Temese
1190 1146 1342 1184 dictum
1387 1152 1429 1184 et

241 1207 562 1245 Crotoniensium
602 1208 747 1245 Terina
788 1211 976 1259 sinusque
1018 1211 1158 1259 ingens
1197 1207 1427 1246 Terinaeus.

242 1269 433 1319 oppidum
488 1269 705 1307 Consentia
759 1273 878 1307 intus.
933 1273 973 1306 in
1026 1269 1236 1320 peninsula
1289 1269 1429 1307 fluvius

240 1330 440 1375 Acheron,
460 1345 482 1368 a
509 1345 588 1382 quo
612 1331 802 1382 oppidani
828 1331 1113 1375 Acherontini;
1153 1331 1302 1381 Hippo,
1322 1331 1428 1382 quod

240 1406 344 1429 nunc
372 1393 568 1430 Vibonem
595 1393 825 1430 Valentiam
855 1393 1128 1443 appellamus3
1162 1399 1301 1443 portus
1327 1392 1429 1430 Her-

239 1454 350 1498 culis,
374 1454 585 1492 Metaurus
609 1458 751 1499 amnis,
770 1455 1043 1492 Tauroentum
1064 1454 1270 1504 oppidum,
1289 1461 1427 1504 portus

240 1515 394 1553 Orestis
429 1523 471 1553 et
508 1516 697 1561 Medma3
745 1516 938 1567 oppidum
971 1516 1213 1567 Scyllaeum,
1247 1515 1427 1553 Crataeis

240 1576 394 1622 fluvius,
424 1584 555 1615 mater
589 1579 650 1629 (ut
683 1578 839 1629 dixere)
878 1577 1058 1629 Scyllae;
1101 1577 1195 1615 dein
1233 1577 1426 1614 Columna

240 1638 381 1689 Regia,
404 1638 578 1677 Siculum
603 1639 751 1677 fretum
775 1654 820 1677 ac
844 1639 923 1678 duo
946 1639 1111 1677 adversa
1135 1641 1426 1689 promunturia,

239 1714 289 1738 ex
322 1701 439 1738 Italia
471 1701 644 1746 Caenus,
675 1715 696 1739 e
727 1701 859 1738 Sicilia
891 1701 1090 1745 Pelorum,
1122 1713 1176 1738 x11
1206 1700 1425 1738 stadiorum

241 1763 473 1806 intervall03
514 1763 621 1800 unde
656 1763 855 1814 Rhegium
897 1776 1006 1800 xcm.
1063 1763 1162 1800 Inde
1195 1762 1424 1812 Appennini

473 1873 488 1886 ‘¹
510 1868 582 1899 The
598 1868 740 1900 modern
760 1869 900 1909 Reggio,
918 1879 972 1900 sce
990 1870 1004 1909 ς
1023 1869 1064 1900 86
1080 1871 1172 1899 note.

470 1910 482 1930 ⁶
506 1911 588 1942 Now
606 1911 664 1943 the
680 1910 837 1943 Arconte.

469 1958 481 1974 ⁶
504 1954 654 1996 Perhaps
675 1955 787 1985 Punta
806 1954 860 1986 del
879 1954 996 1986 Pezzo.

463 1995 477 2016 ⁴
498 1997 592 2039 Capo
608 1997 643 2028 di
662 1998 758 2029 Faro.

242 2054 287 2090 54
