1515 2351
131 1125 169 1156 13

129 1489 168 1520 14

401 144 592 184 PLINY:
645 146 909 184 NATURAL
946 146 1184 184 HISTORY

199 261 289 285 cum
321 248 413 286 feris
444 255 651 299 vagantes.
706 248 776 286 hos
807 251 846 286 in
877 249 953 286 alio
984 263 1063 286 non
1093 252 1242 299 spirare
1273 248 1383 287 caelo

199 320 370 371 ideoque
405 321 454 358 ad
488 321 676 358 finitimos
702 334 818 372 reges
851 335 930 358 non
956 320 1134 372 pertrahi
1168 335 1299 372 neque
1333 321 1384 359 ad

198 392 474 430 Alexandrum
513 392 711 444 Magnum
745 399 968 444 pertractos
1003 393 1159 431 Baeton
1194 396 1384 431 itinerum

200 468 284 502 eius
301 478 460 502 mensor
478 465 666 515 prodidit.
720 468 870 515 priores
888 465 1268 517 AnthropophagOS‚
1286 479 1384 516 quos

198 537 250 574 ad
266 540 585 588 septentrionem
602 551 688 576 esse
705 537 892 583 diximus,
909 538 1051 575 decem
1067 538 1223 575 dierum
1239 540 1383 575 itinere

197 623 318 661 supra
368 609 647 661 Borysthenen
699 623 872 654 amnem,
913 611 1066 647 ossibus
1118 610 1383 647 humanorum

197 685 376 733 capitum
389 683 528 720 bibere
542 684 782 733 cutibusque
796 696 887 720 cum
900 683 1042 734 capillo
1056 696 1127 733 pro
1142 683 1384 720 mantelibus

198 761 293 793 ante
313 760 478 806 pectora
496 758 556 792 uti
577 755 759 806 Isigonus
779 755 1022 792 Nicaeensis.
1078 755 1185 792 idem
1203 758 1243 792 in
1263 755 1383 792 Alba-

198 831 264 865 nia
295 830 406 879 gigni
440 827 634 878 quosdam
667 828 810 878 glauca
842 828 1046 865 oculorum
1079 830 1178 873 acie,
1211 830 1384 878 pueritia

197 903 336 938 statim
357 914 491 946 canos,
515 904 581 951 qui
604 907 726 938 noctu
749 901 837 951 plus
860 915 981 951 quam
1004 901 1179 938 interdiu
1202 907 1381 938 cernant.

197 973 304 1011 idem
341 976 485 1011 itinere
522 973 677 1011 dierum
716 973 910 1011 tredecim
948 987 1067 1024 supra
1103 972 1382 1024 Borysthenen

196 1046 453 1084 Sauromatas
474 1049 596 1084 tertio
617 1047 681 1084 die
702 1048 835 1084 cibum
856 1060 1000 1097 capere
1021 1059 1192 1097 semper.

246 1119 387 1157 Crates
419 1118 692 1170 Pergamenus
723 1122 762 1156 in
795 1119 1058 1170 Hellesponto
1087 1122 1192 1156 circa
1223 1117 1382 1157 Parium

195 1206 323 1244 genus
369 1192 575 1230 hominum
621 1192 757 1237 fuisse,
803 1206 901 1243 quos
947 1192 1208 1244 Ophiogenes
1253 1199 1381 1238 vocat,

196 1268 446 1316 serpentium
480 1267 584 1302 ictus
619 1271 809 1302 contactu
845 1265 977 1303 levare
1013 1265 1148 1302 solitos
1184 1271 1227 1303 et
1261 1279 1382 1303 manu

197 1341 369 1389 inposita
390 1351 546 1375 venena
566 1337 779 1375 extrahere
800 1340 965 1389 corpori.
1020 1337 1144 1375 Varro
1161 1340 1381 1375 etiamnum

196 1424 283 1448 esse
296 1423 443 1462 paucos
456 1411 509 1448 ibi
524 1424 693 1461 quorum
707 1410 853 1448 salivae
866 1416 1006 1448 contra
1018 1413 1121 1448 ictus
1133 1413 1380 1461 serpentium

193 1483 445 1521 medeantur.
497 1483 633 1520 similis
654 1489 696 1521 et
714 1486 755 1520 in
775 1483 912 1520 Africa
932 1482 1153 1534 Psyllorum
1172 1496 1271 1534 gens
1291 1482 1380 1529 fuit,

194 1561 240 1594 ut
266 1555 587 1608 Agatharchides
613 1556 763 1601 scribit,
790 1569 813 1592 a
840 1554 971 1606 Psyllo
998 1569 1093 1607 rege
1120 1555 1242 1599 dicta,
1269 1558 1379 1593 cuius

194 1629 448 1680 sepulchrum
476 1632 514 1666 in
542 1636 657 1680 parte
684 1628 862 1680 Syrtium
889 1631 1084 1666 maiorum
1110 1634 1184 1666 est.
1240 1628 1378 1666 horum

193 1705 346 1753 corpori
374 1705 600 1753 ingenitum
628 1702 704 1739 fuit
732 1704 835 1738 virus
865 1701 1027 1739 exitiale
1055 1702 1309 1752 serpentibus
1337 1707 1380 1739 et

193 1777 305 1812 cuius
335 1774 456 1812 odore
487 1778 666 1830 sopirent
696 1788 777 1819 eas,
808 1788 892 1812 mos
923 1787 1016 1812 vero
1047 1774 1190 1812 liberos
1221 1776 1379 1825 genitos

193 1850 374 1898 protinus
405 1847 603 1885 obiciendi
633 1850 871 1885 saevissimis
901 1860 1039 1884 earum
1070 1860 1199 1898 eoque
1228 1859 1378 1898 genere

193 1920 427 1971 pudicitiam
449 1923 664 1971 coniugum
687 1919 935 1971 experiendi,
957 1932 1036 1957 non
1056 1918 1378 1970 profugientibus

194 1993 418 2030 adulterino
451 1995 645 2044 sanguine
679 1998 794 2030 natos
827 1992 1092 2043 serpentibus.
1147 1990 1246 2029 haec
1278 2003 1377 2042 gens

180 2084 248 2119 5¹4
