1515 2351
416 133 609 172 PLINY:
660 135 926 172 NATURAL
963 135 1202 173 HISTORY

148 243 190 274 39
213 245 440 275 naecuntur.
500 238 740 275 tralaticium
777 241 816 275 in
854 239 1044 288 Aegypto
1081 244 1143 276 est
1179 245 1223 276 et
1258 244 1399 277 octavo

215 315 339 363 gigni,
355 315 434 349 iarn
453 312 616 362 quidem
633 318 675 349 et
692 315 732 349 in
750 312 867 350 Italia
883 312 984 350 tales
1002 318 1140 363 partus
1158 326 1243 351 esse
1261 313 1402 351 vitales

214 394 354 424 contra
384 390 602 438 priscorum
634 390 852 438 opiniones.
907 391 1063 425 variant
1093 387 1192 425 haec
1223 388 1402 439 pluribus

214 463 364 499 modis:
423 463 579 499 Vistilia
624 462 723 499 Gliti
767 476 812 500 ac
855 469 997 513 postea
1042 462 1234 514 Pomponi
1279 469 1401 514 atque

215 537 333 575 Orfiti
358 537 662 575 clarissimorum
687 540 831 575 civium
855 541 1027 575 coniunx
1053 551 1103 575 ex
1127 537 1187 575 his
1212 544 1403 589 quattuor

214 619 353 663 partus
372 616 504 657 enixa,
523 615 696 663 septimo
714 626 873 663 semper
890 626 1043 657 mense,
1061 616 1204 664 genuit
1221 612 1401 650 Suillium

215 687 363 724 Rufum
396 687 621 732 undecimo,
654 688 921 725 Corbulonem
953 694 1153 739 septumo,
1185 694 1401 739 utrumque

214 763 431 808 consulem,
455 770 597 813 postea
621 763 857 800 Caesoniam
881 763 955 800 Gai
980 766 1167 814 principis
1190 766 1402 814 coniugem

147 844 190 875 40
213 844 365 875 octavo.
421 841 462 875 in
510 851 589 889 quo
638 841 836 875 mensium
885 851 1052 875 numero
1101 841 1248 889 genitis
1298 841 1402 875 intra

149 1444 187 1475 41

215 913 595 964 quadragensimum
646 913 754 951 diem
805 916 1003 951 maximus
1055 913 1178 958 labor,
1229 913 1403 964 gravidis

215 995 352 1026 autem
389 995 532 1039 quarto
567 995 610 1026 et
645 995 786 1026 octavo
821 1001 974 1033 mense,
1009 988 1231 1038 letalesque
1267 991 1307 1024 in
1342 987 1402 1025 his

215 1065 390 1102 abortus.
449 1063 649 1101 Masurius
665 1070 803 1101 auctor
818 1070 879 1101 est
895 1063 940 1100 L.
957 1062 1159 1114 Papirium
1174 1069 1401 1114 praetorem

215 1137 390 1174 secundo
417 1136 566 1175 herede
594 1137 684 1187 lege
713 1142 861 1187 agente
889 1138 1085 1174 bonorum
1111 1138 1400 1187 possessionem

214 1218 353 1249 eontra
377 1225 469 1249 eum
493 1212 665 1256 dedisse,
689 1225 780 1249 cum
804 1217 934 1249 mater
957 1217 1118 1261 partum
1141 1224 1183 1248 se
1208 1211 1402 1248 tredecim

215 1288 418 1325 mensibus
454 1287 608 1325 diceret
644 1287 796 1332 tulisse,
833 1289 1021 1338 quoniam
1058 1285 1210 1324 nullum
1246 1291 1401 1324 certum

215 1369 376 1413 tempus
397 1363 577 1413 pariendi
598 1368 798 1400 statutum
818 1362 1033 1399 videretur.

266 1437 333 1475 VI.
382 1439 418 1475 A
463 1444 661 1489 conceptu
713 1437 868 1476 decimo
921 1437 985 1474 die
1039 1436 1194 1474 dolores
1246 1438 1403 1487 eapitis,

216 1513 418 1550 oculorum
445 1516 660 1564 vertigines
687 1514 976 1563 tenebraeque,
996 1511 1203 1549 fastidium
1226 1514 1267 1549 in
1290 1512 1402 1556 cibis,

215 1588 454 1626 redundatio
483 1587 676 1625 stomachi
706 1587 856 1625 indices
886 1593 979 1624 sunt
1008 1586 1176 1624 hominis
1211 1586 1400 1623 inchoati.

217 1663 355 1701 melior
377 1663 482 1700 color
506 1676 656 1700 marem
682 1662 827 1700 ferenti
852 1669 894 1700 et
918 1661 1068 1699 facilior
1091 1667 1244 1712 partus,
1269 1667 1401 1699 motus

217 1741 257 1775 in
296 1745 410 1776 utero
449 1739 782 1789 quadragensimo
820 1737 898 1775 die.
952 1739 1151 1774 contraria
1189 1739 1322 1773 omnia
1360 1739 1400 1773 in

218 1813 344 1851 altero
362 1827 473 1857 sexu,
493 1813 729 1864 ingestabile
748 1826 860 1856 onus,
877 1825 1035 1849 crurum
1055 1818 1095 1849 et
1114 1814 1285 1862 inguinis
1305 1810 1401 1848 levis

151 1895 193 1926 42
216 1895 362 1933 tumor,
386 1892 534 1939 primus
558 1895 696 1926 autem
719 1900 766 1925 xc
788 1888 854 1925 die
878 1893 1022 1925 motus.
1077 1887 1148 1924 sed
1172 1886 1400 1937 plurumum

220 1963 419 2015 languoris
438 1966 477 2000 in
498 1968 668 2014 utroque
688 1975 788 2000 sexu
805 1961 991 2013 capillum
1011 1963 1265 2012 germinante
1284 1965 1403 2011 partu

223 2071 292 2109 53²
