1515 2351
134 435 172 465 ls

133 848 171 877 19

130 1202 170 1230 20

399 149 590 188 PLINY:
642 149 908 188 NATURAL
945 149 1181 188 HISTORY

198 267 277 290 non
297 266 412 304 posse
433 256 575 304 mergi,
595 266 645 290 ne
666 258 778 290 veste
803 253 966 303 quidem
987 253 1238 303 degravatos.
1285 253 1384 290 haut

198 312 387 350 dissimile
406 311 466 349 his
485 325 612 363 genus
633 310 897 348 Pharmacum
915 314 954 348 in
974 311 1192 362 Aethiopia
1211 312 1385 357 Damon,

199 384 367 421 quorum
403 371 523 408 sudor
559 371 697 407 tabem
733 373 928 407 contactis
963 371 1193 421 corporibus
1229 370 1382 408 efferat.

198 430 368 466 seminas
408 429 572 480 quidem
618 442 756 466 omnes
795 430 944 479 ubique
980 431 1065 466 visu
1101 442 1243 467 nocere
1280 442 1384 480 quae

199 488 376 539 duplices
407 488 577 539 pupillas
608 487 786 525 habeant
817 487 955 525 Cicero
985 502 1145 539 quoque
1177 488 1284 539 apud
1315 502 1385 526 nos

199 553 338 584 auctor
381 553 455 584 est.
511 547 612 584 adeo
655 553 838 592 naturae,
880 560 971 584 cum
1014 546 1190 585 ferarum
1231 560 1384 585 morem

199 606 386 644 vescendi
421 605 605 643 humanis
641 606 856 643 visceribus
891 608 932 642 in
968 605 1128 644 homine
1165 609 1385 657 genuisset,

198 668 364 716 gignere
403 668 528 702 etiam
566 668 607 701 in
645 671 733 702 toto
771 677 935 715 corpore
974 671 1017 702 et
1055 668 1094 702 in
1133 665 1384 715 quorundam

197 724 319 761 oculis
344 737 504 774 quoque
530 737 686 761 venena
710 724 874 774 placuit,
899 737 949 761 ne
975 723 1071 774 quid
1096 737 1266 775 usquam
1290 724 1382 761 mali

199 789 305 820 esset
325 783 432 834 quod
451 785 491 820 in
512 782 671 820 homine
692 796 771 820 non
790 788 909 820 esset.

248 842 361 879 Haut
406 842 542 893 procul
591 843 688 879 urbe
736 842 863 879 Roma
909 844 948 878 in
998 841 1240 879 Faliscorum
1288 856 1384 894 agro

198 901 371 938 familiae
411 907 506 938 sunt
545 914 697 951 paucae
738 914 841 951 quae
882 906 1075 938 vocantur
1116 901 1253 952 Hirpi3
1307 901 1383 939 hae

197 960 387 997 sacrificio
401 973 533 997 annuo
547 960 654 1010 quod
670 960 714 996 fit
729 960 778 997 ad
794 965 973 996 montem
988 959 1194 997 Soractem
1209 959 1383 1011 Apollini

197 1032 316 1070 super
368 1020 596 1057 ambustam
648 1019 742 1070 ligni
795 1025 948 1056 struem
1000 1019 1252 1056 ambulantes
1304 1032 1382 1056 non

196 1077 434 1123 aduruntur,
463 1083 505 1116 et
534 1079 585 1115 ob
614 1077 654 1115 id
682 1084 880 1129 perpetuo
908 1084 1072 1115 senatus
1101 1077 1283 1115 consulto
1311 1080 1383 1116 mi-

196 1137 305 1174 litiae
353 1140 612 1187 omniumque
660 1137 827 1174 aliorum
873 1150 1085 1174 munerum
1132 1139 1383 1175 vacationem

194 1195 359 1233 habent.
415 1196 666 1247 quorundam
705 1198 858 1247 corpori
898 1202 1034 1246 partes
1075 1202 1293 1234 nascuntur
1331 1196 1383 1234 ad

196 1255 329 1306 aliqua
358 1255 573 1300 mirabiles,
603 1257 707 1292 sicut
738 1254 861 1305 Pyrro
891 1258 976 1305 regi
1006 1254 1138 1306 pollex
1169 1258 1209 1292 in
1239 1255 1383 1294 dextro

196 1314 314 1364 pede,
336 1317 446 1351 cuius
469 1319 583 1351 tactu
610 1314 768 1351 lienosis
791 1313 1053 1357 medebatur;
1090 1313 1195 1351 hunc
1216 1317 1382 1352 cremari

195 1386 286 1410 cum
320 1373 473 1423 reliquo
507 1386 671 1423 corpore
706 1386 785 1409 non
820 1375 997 1423 potuisse
1033 1372 1214 1417 tradunt,
1249 1373 1384 1411 eondi-

196 1438 365 1482 tumque
386 1431 512 1469 loculo
532 1435 572 1468 in
592 1431 756 1482 templo.

246 1489 464 1542 Praecipue
497 1490 611 1528 India
642 1489 970 1541 Aethiopumque
1001 1496 1154 1528 tractus
1184 1490 1383 1528 miraculis

194 1555 365 1587 scatent.
421 1552 597 1587 maxima
647 1553 685 1586 in
739 1549 853 1586 India
903 1552 1125 1601 gignuntur
1174 1549 1382 1587 animalia:

195 1608 340 1645 indicio
368 1614 463 1645 sunt
490 1622 609 1646 canes
637 1607 869 1659 grandiores
897 1611 1054 1646 ceteris.
1109 1609 1270 1646 arbores
1298 1611 1383 1660 qui-

195 1667 288 1704 dem
303 1673 443 1705 tantae
458 1670 711 1718 proceritatis
726 1667 941 1704 traduntur
955 1673 1001 1705 ut
1015 1669 1173 1718 sagittis
1188 1670 1382 1718 superiaci

195 1732 401 1776 nequeant
441 1732 484 1764 et
536 1725 649 1777 [facit
690 1727 853 1763 ubertas
893 1726 978 1771 soli,
1010 1728 1228 1777 temperies
1267 1726 1380 1771 caeli,

194 1798 388 1835 aquarum
430 1783 728 1836 abundantia]‚l
771 1788 801 1822 si
845 1785 970 1822 libeat
1011 1785 1188 1830 credere,
1221 1790 1267 1822 ut
1307 1785 1382 1823 sub

194 1860 272 1883 una
312 1847 383 1884 fico
421 1853 579 1884 turmae
617 1847 842 1884 condantur
879 1850 1085 1898 equitum;
1137 1846 1381 1884 harundines

643 1925 656 1945 ¹
679 1925 762 1957 Sed.
777 1924 952 1967 Deaesm.

243 2080 266 2115 8
381 2037 395 2052 ⁰
417 2033 499 2065 This
515 2034 627 2065 clause
643 2044 750 2065 seems
766 2037 803 2065 to
821 2033 861 2065 be
877 2044 920 2065 an
937 2032 1191 2075 interpolation.

195 2089 236 2125 51
