1515 2351
418 129 608 168 PLINY:
660 129 924 167 NATURAL
962 129 1197 169 HISTORY

211 234 430 279 Etruriam,
447 233 571 278 Pisas,
589 233 761 278 Lunam,
779 233 945 278 Lucam,
962 232 1161 278 Genuam,
1179 234 1396 286 Liguriam,

211 288 448 338 Antipolim,
513 287 751 331 Massiliam,
813 287 1058 332 Narbonem,
1117 288 1396 332 Tarraconem,

212 341 448 390 Hispaniam
492 341 832 378 Tarraconensem
877 341 1055 378 mediam
1099 347 1142 378 et
1186 340 1281 379 inde
1324 354 1397 391 per

213 394 477 431 Lusitaniam.
525 397 714 445 gnomoni
733 394 857 444 pedes
879 406 918 430 xx
938 394 1105 431 umbrae
1123 406 1210 432 vm.
1253 395 1397 446 longis—

210 451 311 485 sima
330 448 436 485 dieil
457 451 589 497 spatia
609 447 794 484 horarum
816 447 1169 497 aequinoctialium
1189 459 1238 484 xv
1257 447 1396 485 addita

212 514 251 538 1x
270 507 386 550 parte
406 504 521 538 unius
541 500 663 538 horae
681 507 766 544 aut,
786 507 830 538 ut
852 501 1012 551 Nigidio
1030 501 1198 551 placuit,
1217 504 1371 551 quinta.

131 561 193 592 218
264 555 445 605 Septima
467 555 606 591 divisio
627 555 678 591 ab
701 554 830 591 altera
853 554 987 604 Caspii
1010 557 1130 591 maris
1150 567 1220 591 ora
1242 557 1397 605 incipit,

213 608 323 645 vadit
383 620 502 658 super
557 607 763 651 Callatim,
817 607 1051 657 Bosporum,
1106 607 1397 658 Borysthenen,

211 661 369 705 Tomos,
399 661 596 698 Thraciae
627 674 779 705 aversa,
809 661 1020 705 Triballos‚
1053 661 1202 712 Illyrici
1230 661 1398 712 reliqua,

212 715 491 752 Hadriaticum
519 727 644 758 mare,
673 714 917 765 Aquileiam,
945 714 1143 759 Altinum,
1170 714 1399 760 Venetiam,

212 768 424 811 vicetiam,
456 767 679 812 Patavium,
712 768 925 812 Veronam,
956 768 1211 811 Cremonam,
1242 768 1398 806 Raven-

212 835 320 866 nam,
333 823 557 866 Anconam,
572 821 777 865 Picenum,
795 821 964 865 Marsos,
979 821 1203 872 Paelignos,
1216 821 1398 867 Sabinos,

213 875 437 919 Umbriam,
453 876 693 919 Ariminum,
709 875 944 918 Bononiam,
962 874 1225 919 Placentiam,
1244 875 1399 913 Medio-

210 929 347 966 lanum
399 932 616 979 omniaque
667 927 718 964 ab
769 929 996 978 Apennino,
1042 935 1236 979 transque
1286 929 1399 979 Alpis

212 983 388 1019 Galliam
416 983 716 1033 Aquitanicam,
744 982 956 1026 Viennam,
984 981 1250 1033 Pyrenaeum,
1277 982 1398 1020 Celti·

212 1037 378 1073 beriam.
432 1036 620 1073 umbilico
657 1047 756 1072 xxm
795 1035 945 1086 pedum
982 1035 1152 1073 umbrae
1186 1048 1318 1080 xxxw,
1354 1042 1398 1074 ut

210 1095 351 1127 tamen
366 1092 407 1126 in
421 1095 541 1139 parte
557 1089 754 1127 Venetiae
771 1095 1023 1139 exaequetur
1037 1089 1180 1126 umbra
1195 1092 1397 1140 gnomoni.

211 1143 453 1194 amplissima
494 1143 573 1180 dici
614 1145 747 1193 spatia
762 1141 778 1165 ²
818 1142 1005 1180 horarum
1045 1142 1398 1193 aequinoctialium

130 1202 194 1233 219
215 1209 262 1233 xv
298 1203 340 1234 et
374 1199 604 1247 quintarum
637 1199 813 1247 partium
849 1195 972 1234 horae
1002 1199 1138 1233 trium.

258 1249 468 1286 Hactenus
503 1253 758 1300 antiquorum
796 1256 943 1287 exacta
979 1249 1280 1287 celebravimus.
1338 1262 1398 1287 se-

212 1307 422 1355 quentium
437 1304 731 1354 diligentissimi
747 1303 854 1354 quod
870 1309 1053 1353 superest
1065 1309 1263 1340 terrarum
1279 1316 1397 1353 supra

210 1358 338 1394 tribus
358 1357 622 1407 adsignavere
641 1360 882 1407 segmentis:
914 1369 937 1393 a
956 1357 1083 1394 Tanai
1102 1369 1175 1407 per
1201 1356 1397 1394 Maeotim

210 1411 342 1448 lacum
368 1416 409 1448 et
430 1410 636 1447 Sarmatas
658 1423 785 1461 usque
806 1409 1084 1461 Borysthenen
1105 1416 1230 1460 atque
1248 1413 1307 1447 ita
1326 1423 1399 1460 per

212 1464 343 1500 Dacos
374 1470 613 1514 partemque
646 1464 901 1501 Germaniae.
926 1464 1079 1500 Gallias
1111 1466 1249 1500 oceani
1280 1463 1398 1500 litora

211 1516 400 1567 amplexi,
416 1517 522 1568 quod
539 1524 645 1555 esset
665 1517 850 1554 horarum
870 1530 948 1561 xvi,
965 1517 1136 1554 alterurn
1153 1530 1224 1567 per
1241 1516 1398 1567 Hyper-

210 1571 350 1608 boreos
371 1577 412 1609 et
434 1571 682 1608 Britanniam
709 1570 894 1608 horarum
921 1583 1017 1615 xvii,
1037 1576 1284 1620 postremum
1304 1570 1397 1621 Scy-

208 1624 362 1662 thicum
379 1638 401 1661 a
422 1624 582 1674 Ripaeis
603 1627 704 1675 iugis
723 1627 764 1661 in
784 1624 925 1673 Tylen,
939 1627 979 1661 in
995 1637 1074 1674 quo
1090 1624 1174 1661 dies
1189 1626 1397 1661 continua—

129 1682 192 1713 220
213 1685 364 1723 rentur,
377 1684 422 1715 ut
439 1678 626 1722 diximus,
640 1684 861 1728 noctesque
879 1690 951 1728 per
969 1681 1087 1715 vicoe.
1103 1677 1226 1715 iidem
1243 1683 1286 1715 et
1301 1683 1398 1715 ante

531 1780 542 1799 ¹
565 1778 633 1810 diei
649 1778 724 1810 add.
742 1778 846 1811 Beda.

525 1823 538 1841 ²
562 1822 738 1863 Mayhoff:
768 1821 982 1864 amplissima
998 1822 1080 1854 dies.

258 1962 275 2021 t
295 1958 708 2033 ggioaig'gmfg‘imountains
722 1958 756 1989 in
766 1957 939 1989 unknown
954 1956 1054 1989 north
1070 1957 1208 1999 Europe
1221 1957 1291 1989 and
1304 1957 1396 1990 Asia.

425 2026 432 2034 .
528 2012 562 2033 π.

212 2076 282 2115 500
