1515 2351
385 107 552 145 PLINY
566 122 575 145 :
626 109 662 145 N
664 109 891 147 ATURAL
927 109 1165 147 HISTORY

178 214 245 251 ubi
271 213 358 251 fons
385 219 446 250 est
473 214 611 257 Ainos,
631 227 744 251 mons
771 214 863 258 Eos,
889 214 1018 252 insula
1045 214 1199 258 Iambe,
1225 220 1364 264 portus

178 278 308 322 multi,
329 278 522 315 Berenice
543 279 734 328 oppidum
755 281 895 316 matris
917 277 1169 328 Philadelphi
1190 281 1364 322 nomine,

178 343 229 379 ad
263 342 370 393 quod
401 345 479 380 iter
511 356 533 378 a
567 343 697 393 Copto
729 343 916 387 diximus,
949 343 1104 380 Arabes
1137 343 1288 380 Autaei
1322 348 1364 380 et

101 411 162 443 169
183 407 404 444 Gebadaei.
475 407 661 445 XXXIV.
689 408 972 459 Trogodytice,
1051 421 1172 458 quam
1249 409 1365 458 prisci

182 471 363 516 Midoen,
394 471 463 508 alii
497 471 679 510 Midioen
710 473 862 516 dixere,
893 486 1006 510 mons
1039 471 1365 522 Pentedactylos,

179 536 334 573 insulae
349 535 500 573 Stenae
518 536 642 574 Dirae
657 537 826 587 aliquot,
843 537 1035 574 Halonesi
1052 550 1132 573 non
1146 539 1366 587 pauciores,

180 600 434 645 Cardmnine,
468 601 661 651 Topazos,
696 614 801 653 quae
834 614 1021 652 gemmae
1056 614 1203 638 nomen
1237 599 1365 638 dedit.

179 668 287 703 sinus
313 665 449 703 insulis
476 665 662 710 refertus,
688 679 738 704 ex
763 665 823 704 his
850 679 953 717 quae
984 665 1148 703 Matreu
1175 671 1368 703 vocantur

181 743 370 781 aquosae,
397 744 501 781 quae
528 731 728 769 Eratonos
754 734 961 775 sitientes3
1002 744 1142 781 regum
1168 729 1227 767 his
1254 742 1368 780 prae-

181 794 275 832 fecti
310 793 437 832 fuere.
493 798 684 833 introrsus
719 795 913 839 Candaei,
947 809 1046 846 quos
1082 793 1369 845 Ophiophagos

182 865 340 903 vocant,
365 860 617 910 serpentibus
643 863 748 898 vesci
773 860 953 904 adsueti3
993 873 1126 910 neque
1151 859 1231 896 alia
1257 861 1368 909 regio

104 928 165 959 170
185 924 352 961 fertilior
373 930 434 961 est
455 937 606 962 earum.
662 925 776 969 Iuba,
797 928 864 976 qui
886 925 1044 962 videtur
1063 924 1370 974 diligentissime

182 995 414 1038 persecutus
452 988 566 1033 haec,
598 993 731 1027 omisit
765 993 806 1027 in
837 988 911 1027 hoc
943 995 1079 1027 tractu
1111 988 1201 1037 (nisi
1235 1001 1371 1026 exem-

183 1053 355 1103 plarium
388 1057 529 1091 vitium
563 1055 641 1105 αεὶ)
675 1054 896 1092 Berenicen
928 1054 1099 1091 alteram
1133 1066 1238 1103 quae
1271 1052 1372 1090 Pan-

182 1118 343 1169 chrysos
365 1122 651 1169 cognominata
674 1125 736 1156 est
759 1125 801 1157 et
823 1122 989 1156 tertiam
1013 1131 1118 1168 quae
1140 1117 1217 1167 Epi
1241 1117 1371 1161 Dires,

184 1186 380 1234 insignem
404 1183 512 1220 loco:
544 1190 605 1221 est
636 1187 742 1221 enim
773 1186 851 1221 sita
881 1186 921 1220 in
950 1185 1104 1220 cervice
1134 1182 1253 1233 longe
1283 1194 1372 1232 pro-

184 1254 384 1292 currente,
403 1248 471 1285 ubi
490 1248 625 1286 fauces
647 1248 769 1285 Rubri
792 1247 916 1285 Maris
935 1249 992 1284 ἦ
1016 1246 1068 1284 „1
1092 1260 1131 1297 p.
1152 1247 1203 1283 ab
1223 1246 1373 1283 Arabia

185 1312 350 1350 distant.
405 1313 532 1350 insula
565 1313 618 1350 ibi
651 1313 777 1363 Cytis,
809 1319 999 1363 topazum
1032 1311 1164 1349 ferens
1197 1317 1239 1348 et
1271 1313 1370 1361 ipsa.

109 1381 165 1412 171
189 1377 293 1414 ultra
306 1377 427 1414 silvae
444 1378 570 1421 sunt?
585 1378 653 1415 ubi
667 1377 884 1414 Ptolomais
898 1390 921 1413 a
937 1374 1201 1426 Philadelpho
1212 1375 1375 1413 condita

186 1441 238 1479 ad
264 1447 432 1479 venatus
459 1441 780 1492 elephantorum,
806 1442 857 1479 ob
883 1441 924 1478 id
951 1441 1027 1491 Epi
1052 1440 1204 1478 Theras
1229 1452 1374 1490 cogno-

187 1509 355 1550 minata,
394 1509 506 1543 iuxta
546 1506 677 1543 lacum
727 1506 973 1543 Monoleum.
1026 1504 1126 1542 haec
1165 1510 1227 1542 est
1265 1506 1375 1555 regio

187 1570 362 1608 secundo
397 1571 596 1608 volumine
632 1584 655 1607 a
690 1571 803 1608 nobis
837 1570 1077 1621 significata,
1112 1571 1154 1606 in
1188 1582 1268 1620 qua
1303 1580 1375 1605 XLV

290 1681 302 1700 ¹
329 1679 385 1712 VJ.
400 1681 437 1710 1—v
456 1689 491 1718 D,
509 1680 551 1722 cf.
568 1681 583 1721 §
600 1681 672 1713 163.
833 1679 846 1698 ²
870 1678 1046 1721 Mayhoff:
1077 1679 1168 1711 ultra.
1184 1678 1298 1711 silvas.

240 1799 354 1831 ·Abu
373 1799 510 1832 Seium.

242 1842 254 1861 ⁶
277 1843 339 1875 See
357 1843 372 1882 ξ
392 1843 463 1875 103.

242 1886 395 1927 ‘Zebirg
397 1890 432 1917 et
446 1885 573 1917 laland.
618 1885 690 1916 The
707 1889 804 1916 stone
820 1885 847 1916 is
863 1884 969 1925 really
981 1883 1176 1925 chrysolito,
1189 1887 1325 1924 nottop
1327 1894 1377 1916 az.

241 1927 257 1947 ὅ
279 1928 323 1961 So
347 1928 456 1960 called
480 1928 568 1960 from
594 1928 654 1960 the
678 1928 926 1969 neighbouring
950 1928 1058 1959 mines
1083 1926 1122 1958 of
1142 1926 1240 1958 Jebel
1266 1926 1379 1958 Auaki

198 1972 286 2004 stom
303 1971 414 2005 which
429 1972 489 2005 the
500 1971 695 2015 Egyptians
706 1971 870 2004 obtained
887 1971 976 2004 their
990 1968 1083 2002 chief
1094 1970 1220 2012 supply
1236 1969 1275 2001 of
1285 1969 1377 2011 gold.

190 2034 263 2079 464
