1515 2351
145 506 205 538 125

146 934 207 965 126

148 1309 207 1339 127

428 129 594 168 PLINY
610 144 620 168 :
673 131 937 169 NATURAL
974 130 1213 169 HISTORY

226 237 358 285 stirpis
402 248 488 271 esse
533 234 701 271 Comum
745 240 867 285 atque
911 234 1154 286 Bergomum
1197 242 1240 273 et
1284 234 1411 274 Licini

228 288 372 325 Forum
413 288 645 338 aliquotque
687 290 791 325 circa
826 288 991 338 populos
1024 295 1164 326 auctor
1198 294 1260 326 est
1296 289 1411 333 Cato,

225 342 297 379 sed
342 344 536 392 originem
582 343 715 392 gentis
762 344 944 392 ignorare
989 354 1033 379 se
1080 341 1245 387 fatetur,
1291 356 1411 393 quam

226 395 346 433 docet
374 394 578 431 Cornelius
613 394 845 431 Alexander
877 401 1006 432 ortam
1036 407 1059 431 a
1088 395 1257 433 Graecia
1291 399 1412 434 inter·

226 451 454 499 pretatione
479 450 602 484 etiam
627 450 796 484 nominis
821 450 944 485 vitam
969 451 1009 484 in
1034 449 1236 486 montibus
1261 449 1411 499 degen-

225 505 338 539 tium.
394 504 433 538 in
467 500 542 538 hoc
574 503 654 538 situ
687 503 842 538 interiit
868 501 1060 552 oppidum
1087 502 1411 540 Orumbiviorum

229 554 361 599 Parra,
398 555 504 592 unde
540 554 802 605 Bergomates
838 554 940 591 Cato
975 555 1079 592 dixit
1115 562 1236 600 ortos,
1272 558 1413 593 etiam-

227 622 322 646 num
361 609 559 659 prodente
597 621 639 645 se
679 607 796 644 altius
836 621 958 658 quam
996 608 1238 646 fortunatius
1276 611 1411 646 situm.

228 664 417 699 interiere
452 668 494 698 et
529 661 739 709 Caturia-es
776 662 986 698 Insubrum
1023 662 1179 699 exsules
1215 668 1258 699 et
1291 662 1414 713 Spina

227 729 346 766 supra
378 715 499 759 dicta,
529 718 629 751 item
666 693 849 764 Melpum
891 715 1100 765 opulentia
1140 718 1414 766 praecipuum,

229 769 335 820 ‹Juod
356 769 407 805 ab
430 769 661 805 Insubribus
683 774 725 805 et
746 768 835 805 Bois
857 774 899 805 et
919 768 1142 806 Senonibus
1164 769 1344 806 deletum
1366 783 1414 807 eo

227 805 293 860 die
334 835 412 872 quo
453 821 640 859 Camillus
683 821 799 858 Veios
839 825 993 872 ceperit
1035 822 1168 873 Nepos
1209 823 1414 861 Cornelius

227 876 406 914 tradidit.

277 929 429 966 XVIII.
459 928 648 979 Sequitur
677 928 834 965 decima
864 931 975 979 regio
1007 929 1149 966 Italiae
1181 929 1415 967 Hadriatico

230 986 327 1019 mari
352 983 549 1033 adposita,
573 985 683 1019 cuius
710 982 893 1026 Venetia,
918 981 1058 1019 fluvius
1083 981 1172 1019 Silis
1197 996 1246 1019 ex
1271 985 1415 1020 monti-

228 1037 302 1074 bus
325 1036 561 1079 Tarvisanis,
585 1035 777 1085 oppidum
801 1035 998 1079 Altinum,
1022 1035 1172 1073 flumen
1198 1035 1415 1086 Liquentia

229 1103 278 1127 ex
310 1090 512 1126 montibus
544 1089 791 1139 Opiterginis
822 1095 864 1126 et
895 1095 1032 1140 portus
1064 1089 1209 1127 eodem
1240 1093 1414 1135 nomine,

227 1143 382 1181 colonia
426 1142 660 1186 Concordia,
706 1142 869 1179 flumina
915 1149 956 1179 et
1001 1149 1139 1193 portus
1185 1142 1414 1188 Reatinum,

228 1197 494 1234 Tiliaventum
522 1195 654 1232 Maius
681 1195 911 1247 Minusque,
930 1197 1116 1233 Anaxum
1138 1210 1216 1247 quo
1237 1196 1415 1234 Varanus

229 1250 383 1295 defluit,
396 1250 504 1293 Alsa,
519 1249 658 1286 Natiso
670 1263 760 1286 cum
771 1249 910 1293 Turro,
922 1249 1174 1300 praefluente
1187 1250 1414 1301 Aquileiam

227 1304 421 1341 coloniam
444 1311 492 1342 fv
513 1317 550 1353 p.
575 1316 597 1339 a
618 1305 715 1339 mari
743 1305 873 1340 sitam.
930 1303 1148 1340 Carnorum
1179 1303 1277 1341 haec
1307 1307 1417 1355 regio

230 1361 445 1420 iunctaque
504 1357 714 1406 Iapudum,
772 1359 898 1393 amnis
954 1357 1151 1401 Timavos,
1208 1357 1416 1394 castellum

230 1411 362 1448 nobile
406 1414 496 1447 vino
541 1409 748 1454 Pucinum,
791 1410 1051 1459 Tergestinus
1098 1413 1220 1453 sinim,
1263 1411 1417 1448 colonia

229 1465 437 1515 Tergeste,
488 1470 614 1502 ῑιῑκῑι
666 1464 717 1500 ab
768 1463 965 1514 Aquileia.
1022 1463 1125 1500 ultra
1175 1477 1296 1514 quam
1346 1477 1417 1502 sex

231 1518 337 1555 milia
361 1532 398 1568 p.
426 1517 583 1554 Formio
606 1519 747 1560 amnis,
771 1517 822 1553 ab
847 1517 1037 1554 Ravenna
1062 1524 1238 1561 cL—xxxiit,
1263 1520 1418 1555 anticus

231 1578 374 1609 auctae
403 1571 544 1608 Italiae
572 1573 912 1614 termi11us‚nunc
939 1584 1031 1608 vero
1058 1571 1257 1614 Histriae;
1297 1584 1416 1622 quam

276 1705 290 1763 ‘b'
313 1700 372 1732 Le.
393 1701 399 1713 ‘
413 1700 605 1732 Orumbivii
617 1699 624 1711 '
645 1700 670 1731 is
684 1699 891 1731 understood
907 1705 943 1731 to
957 1710 1051 1731 come
1067 1700 1154 1731 from
1168 1699 1242 1740 ὅρος
1255 1698 1322 1731 and
1335 1699 1416 1740 βίος.

279 1793 291 1807 ‘
313 1743 617 1819 {Phgffiffssimms
637 1786 670 1817 in
693 1786 751 1816 the
769 1786 831 1817 5th
851 1797 878 1817 c.
900 1795 985 1823 A.D.‚
1005 1791 1042 1817 to
1061 1796 1180 1827 fficape
1200 1786 1289 1818 from
1306 1785 1417 1818 Attila

232 1830 386 1884 apd-the
415 1830 524 1865 Humi,
553 1829 617 1860 fied
646 1834 682 1860 to
711 1828 769 1859 the
796 1828 973 1870 adjoiniug
1002 1829 1139 1866 islanda,
1169 1829 1237 1860 and
1264 1828 1415 1861 founded

234 1875 250 1906 x
263 1884 462 1957 catula-&hapa
478 1914 537 1946 the
554 1915 693 1946 Risauo.

232 1959 348 2044 ltgbln
380 1959 438 1990 the
466 1959 550 1989 time
577 1957 612 1989 of
652 1957 838 1998 Augustus,
871 1957 982 1989 before
1014 1957 1114 1988 Istriu
1144 1968 1211 1989 was
1240 1957 1349 1989 added
1383 1963 1418 1989 ιο

237 2076 282 2112 92
