1515 2351
116 823 158 853 89

384 122 575 161 PLINY:
627 124 891 161 NATURAL
930 123 1168 162 HISTORY

182 241 280 278 quos
328 226 611 278 Borysthenes,
662 226 819 271 Geloni,
867 226 1157 278 ffiyssagetae,
1206 226 1367 272 Rudini,

182 286 379 324 Basilidae
408 292 451 324 et
478 286 663 323 caeruleo
691 286 834 337 capillo
863 285 1107 336 Agathyrsi;
1149 298 1269 336 super
1297 299 1365 323 eos

184 344 398 389 Nomades,
419 345 567 382 deinde
589 344 936 395 Anthropophagi,
958 357 982 381 a
1002 344 1110 381 Buce
1132 357 1226 381 vero
1247 357 1367 395 super

186 403 382 441 Maeotim
415 403 674 440 Sauromatae
708 410 750 440 et
784 403 1021 440 Essedones.
1077 409 1119 440 at
1151 416 1224 454 per
1255 416 1366 440 oram

183 462 233 500 ad
264 462 417 499 Tanain
448 475 574 513 usque
610 461 814 507 Maeotae,
847 475 871 498 a
903 463 1046 513 quibus
1078 461 1186 499 lacus
1218 475 1366 499 nomen

184 523 355 572 accepti,
388 520 599 572 ultimique
631 534 654 557 a
685 527 802 571 tergo
834 534 973 558 eorum
1006 521 1218 571 Arimaspi.
1273 534 1366 558 mox

185 580 323 631 Ripaei
368 586 525 617 montes
574 586 616 617 et
661 580 826 617 adsiduo
874 582 972 617 nivis
1018 593 1112 616 casu
1155 581 1367 630 pinnarum

182 638 442 676 similitudine
465 637 731 690 Pterophoros
753 638 954 689 appellata
974 640 1099 689 regio,
1119 652 1208 689 pars
1229 638 1368 676 mundi

183 698 375 736 damnata
400 711 423 734 a
449 711 582 735 rerum
616 704 759 734 natura
785 704 827 735 et
852 697 978 735 densa
1015 710 1147 734 mersa
1182 688 1368 748 caligine,

183 770 314 807 neque
340 759 380 794 in
405 756 482 794 alio
507 770 627 807 quam
653 759 792 807 rigoris
817 769 938 807 opere
955 755 971 779 ¹
995 755 1219 807 gelidisque
1244 757 1368 806 Aqui-

186 816 285 853 lonis
335 815 640 866 conceptaculis.
695 828 799 866 pone
851 828 918 853 eos
969 821 1127 852 montes
1185 814 1369 866 ultraque

184 874 426 925 Aquilonem
461 887 560 925 gens
596 874 691 911 felix
729 875 777 924 (si
812 874 1041 924 credimus),
1077 887 1176 924 quos
1213 874 1370 925 Hyper-

183 934 324 971 boreos
367 933 633 984 appellavere,
677 947 826 970 annoso
869 933 983 984 degit
1025 946 1138 978 aevo,
1181 932 1368 970 fabulosis

182 992 386 1030 celebrata
439 992 647 1029 miraculis.
703 993 756 1029 ibi
798 992 1016 1029 creduntur
1059 1005 1145 1029 esse
1187 991 1368 1029 cardines

184 1051 323 1089 mundi
352 1053 603 1102 extremique
633 1051 808 1088 siderum
838 1051 1012 1088 ambitus
1041 1053 1253 1088 semenstri
1282 1049 1370 1088 luce

185 1117 227 1148 et
249 1123 328 1147 una
349 1110 414 1148 die
431 1110 446 1133 ²
467 1109 558 1147 solis
581 1109 738 1154 aversi‚³
760 1123 853 1154 non,
876 1116 921 1146 ut
943 1111 1120 1160 imperiti
1141 1109 1296 1154 dixere,
1319 1110 1369 1147 ab

184 1171 438 1220 aequinoctio
475 1182 596 1206 verno
633 1171 673 1205 in
711 1175 970 1206 autumnum:
1023 1168 1149 1206 semel
1187 1170 1226 1205 in
1264 1181 1370 1205 anno

183 1228 354 1266 solstitio
373 1230 554 1265 oriuntur
573 1230 619 1265 iis
640 1227 756 1272 soles,
777 1229 999 1278 brumaque
1020 1227 1146 1265 semel
1166 1227 1367 1265 occidunt.

183 1290 295 1339 regio
336 1289 470 1338 aprica
509 1286 615 1324 felici
656 1289 870 1338 temperie,
910 1289 1017 1323 omni
1059 1285 1211 1323 adflatu
1251 1288 1372 1323 noxio

183 1359 333 1384 carens.
387 1346 528 1383 domus
578 1348 624 1383 iis
674 1359 838 1383 nemora
887 1345 1059 1396 lucique,
1109 1351 1152 1382 et
1201 1345 1372 1382 deorum

184 1405 313 1443 cultus
361 1407 507 1442 viritim
553 1407 848 1456 gregatimque,
896 1404 1095 1442 discordia
1142 1406 1282 1454 ignota
1329 1409 1373 1442 et

185 1464 396 1515 aegritudo
436 1466 574 1501 omnis.
630 1477 734 1501 mors
777 1477 855 1501 non
897 1465 971 1500 nisi
1012 1465 1206 1500 satietate
1248 1465 1369 1507 vitae,

186 1523 356 1574 epulatis
383 1523 644 1573 delibutoque
671 1525 783 1560 senio
811 1523 920 1567 luxu,
948 1535 970 1559 e
999 1522 1173 1572 quadam
1201 1535 1300 1572 rupe
1328 1524 1368 1558 in

185 1595 294 1619 mare
326 1581 611 1619 salientibus⁴z
659 1581 732 1619 hoc
763 1595 890 1632 genus
922 1581 1153 1632 sepulturae
1185 1581 1371 1618 beatissi-

546 1677 558 1696 ¹
584 1676 709 1709 Mer-da
723 1677 808 1708 latet.

543 1720 556 1739 ²
579 1721 629 1759 [et
645 1730 714 1751 una
729 1720 796 1759 die]
817 1719 976 1751 Solmsen.

543 1761 556 1781 ⁸
574 1761 603 1794 V.
617 1763 640 1794 l.
658 1762 802 1794 adversi.

544 1807 556 1825 ⁴
581 1806 778 1837 Camarina:
804 1805 1010 1836 salientium.

522 1950 536 1965 ⁰
559 1946 621 1978 See
640 1947 655 1986 ξ
673 1947 724 1981 78.
743 1950 832 1977 note.

526 1989 538 2008 ⁶
559 1989 632 2021 The
648 1989 750 2020 Latin
767 1993 842 2020 text
858 1989 885 2020 is
902 1993 1052 2030 corrupt.

194 2052 263 2089 186
