1515 2351
397 102 587 141 PLINY:
641 104 906 142 NATURAL
942 103 1180 142 HISTORY

193 208 369 246 ducenos
396 208 519 258 pedes
546 209 651 254 altis,
678 212 982 260 quinquagenos
1008 210 1114 254 latis,
1139 212 1181 247 in
1205 210 1381 259 singulos

194 270 318 320 pedes
344 273 468 308 ternis
493 271 629 321 digitis
655 285 842 309 mensura
867 272 1062 322 ampliore
1087 285 1206 322 quam
1234 278 1381 316 nostra,

194 332 381 369 interfluo
403 331 625 382 Euphrate,
646 333 818 370 mirabili
839 347 962 384 opere
982 334 1208 384 utrobique.
1263 334 1381 371 durat

194 393 324 431 adhuc
369 394 421 432 ibi
467 394 570 432 Iovis
608 394 694 432 Beli
731 395 1170 446 templum—inventor
1205 394 1268 433 hic
1306 395 1382 433 fuit

115 460 176 491 122
195 456 374 494 sideralis
417 458 633 494 scientiae:
691 463 828 495 cetero
870 457 922 495 ad
963 457 1222 495 solitudinem
1265 457 1382 495 rediit

194 517 391 555 exhausta
414 521 620 556 vicinitate
644 518 852 557 Seleuciae
876 520 927 556 ob
950 519 989 557 id
1012 520 1199 557 conditae
1221 533 1245 557 a
1269 519 1383 557 Nica-

192 586 280 617 tore
306 583 411 618 intra
437 593 484 617 xc
508 581 684 630 lapidem
710 584 750 618 in
775 581 1005 619 confluente
1033 580 1251 631 Euphratis
1277 581 1382 619 fossa

193 642 375 692 perducti
407 648 532 693 atque
561 643 704 693 Tigris,
736 656 842 694 quae
870 649 1011 681 tamen
1041 643 1263 694 Babylonia
1291 656 1382 694 cog-

195 707 439 749 nominatur,
459 705 585 742 libera
606 704 725 742 hodie
746 719 791 743 ac
821 708 881 743 sui
910 708 1004 743 iuris
1028 705 1381 756 Macedonumque

192 769 323 803 moris.
379 766 513 804 ferunt
534 769 569 804 ei
596 767 723 817 plebis
754 768 934 805 urbanae
952 766 1001 803 B‘c
1020 781 1120 812 esse,
1138 771 1260 805 situm
1290 780 1382 805 vero

192 831 394 865 moenium
445 829 606 879 aquilae
654 829 869 879 pandentis
920 829 1018 874 alas,
1068 843 1209 880 agrum
1258 832 1382 867 totius

192 893 355 928 orientis
379 890 681 928 fertilissimum.
736 894 907 929 invicem
937 891 989 929 ad
1017 891 1120 929 hanc
1146 891 1383 929 exhaurien-

191 952 287 990 dam
314 952 621 1003 Ctesiphontem
648 956 763 990 iuxta
789 956 958 991 tertium
985 954 1035 990 ab
1063 967 1112 991 ea
1138 954 1314 1004 lapidem
1340 956 1380 991 in

193 1013 451 1052 Chalonitide
477 1015 694 1052 condidere
722 1015 874 1059 Parthi,
902 1016 1009 1066 quod
1039 1029 1142 1053 nune
1169 1022 1292 1066 caput
1319 1021 1381 1053 est

192 1089 420 1127 regnorum.
487 1083 529 1114 et
558 1084 773 1128 postquam
802 1077 899 1115 nihil
929 1078 1225 1128 proficiebatur,
1254 1090 1381 1128 nuper

192 1138 412 1189 Vologesus
453 1151 523 1177 rex
564 1139 673 1176 aliud
714 1138 907 1188 oppidum
949 1139 1301 1191 Vologesocertam
1341 1142 1380 1177 in

115 1206 174 1237 123
196 1204 322 1238 vicino
360 1201 551 1239 condidit.
607 1208 699 1239 sunt
740 1205 962 1239 etiamnum
1003 1205 1042 1239 in
1084 1201 1381 1252 Mesopotamia

193 1263 362 1312 oppida:
432 1262 683 1313 Hippareni,1
736 1263 1030 1301 Chaldaeorum
1080 1264 1260 1301 doctrina
1283 1262 1298 1286 ²
1339 1268 1381 1302 et

193 1324 266 1362 hoc
288 1329 389 1363 sicut
413 1325 609 1376 Babylon,
632 1329 746 1363 iuxta
769 1326 931 1363 fluvium
955 1330 1020 1377 qui
1044 1326 1153 1364 cadit
1174 1329 1213 1363 in
1239 1326 1381 1364 Narra-

191 1401 286 1437 gam
331 1388 439 1425 unde
482 1391 635 1425 civitati
681 1401 827 1426 nomen
870 1389 1017 1436 (muros
1058 1389 1379 1438 Hipparenorum

194 1449 341 1487 Persae
365 1450 564 1501 diruere);
607 1449 780 1488 Orcheni
809 1464 982 1501 quoque,
1007 1453 1132 1487 tertia
1158 1450 1379 1488 Chaldaeo-

193 1525 279 1548 rum
309 1512 504 1556 doctrina,
532 1515 572 1549 in
601 1512 743 1550 eodem
771 1516 852 1550 situ
879 1513 1063 1550 locantur
1090 1512 1141 1550 ad
1170 1512 1377 1550 meridiem

190 1577 313 1618 versi;
349 1574 399 1611 ab
420 1573 478 1611 his
507 1574 673 1612 Notitae
699 1581 740 1612 et
769 1573 1117 1625 Orothophanitae
1144 1580 1185 1612 et
1214 1574 1378 1612 Gnesio-

192 1634 368 1674 chartae.

544 1698 555 1717 ²
580 1699 769 1730 Raclckam:
798 1698 1047 1739 Hipparenum.

543 1741 555 1759 ²
580 1741 737 1772 doctrina
754 1741 881 1772 clarum
899 1741 970 1773 edd.
988 1746 1046 1773 vet.

241 1850 254 1865 '¹
277 1845 349 1877 The
379 1855 478 1876 name
508 1844 593 1876 Baal
621 1855 658 1876 or
688 1844 747 1876 Bel
775 1845 802 1876 is
831 1845 1040 1886 interpr-ebed
1069 1844 1116 1886 by
1145 1844 1313 1876 Eusebius
1341 1855 1378 1876 as

196 1890 355 1929 meaning
373 1887 381 1900 ‘
398 1888 528 1919 heaven
545 1887 564 1919 ’.

238 1931 250 1951 ⁶
272 1931 368 1985 With
396 1930 465 1962 this
493 1941 552 1962 use
582 1930 622 1961 of
647 1930 799 1963 doctrina
831 1930 875 1963 cf.
908 1931 1059 1963 studium
1089 1930 1249 1972 qenerok,
1285 1931 1378 1961 ‘uni-

196 1980 324 2015 versity
352 2000 358 2007 .

193 2049 264 2086 430
