1515 2351
412 123 579 161 PLINY
595 137 603 160 :
657 124 922 162 NATURAL
958 124 1197 163 HISTORY

209 232 390 267 emunito
415 231 496 265 situ
522 231 636 265 iuxta
662 231 703 265 in
727 228 1023 279 longitudinem
1049 231 1090 265 v-1
1116 241 1171 279 p.,
1195 232 1238 266 in
1260 229 1396 267 latitu-

209 294 343 331 dinem
377 293 497 343 paulo
530 295 672 329 minus.
728 296 856 342 primo
889 292 993 330 afuit
1026 306 1049 330 a
1087 293 1205 331 litore
1247 294 1396 331 stadios

209 369 232 394 x
268 364 310 395 et
345 360 592 395 maritimum
628 360 753 394 etiam
787 360 873 407 ipsa
907 363 1071 407 portum
1105 356 1262 402 habuit,
1298 357 1397 395 Iuba

132 428 192 458 140
213 436 305 460 vero
326 422 523 472 prodente
556 427 578 459 13
600 434 663 472 p.;
703 435 808 459 nunc
831 422 972 459 abesse
994 436 1017 459 a
1038 422 1156 460 litore
1179 422 1253 458 Ξῖ(
1274 422 1397 473 iegati

211 487 391 524 Arabum
436 490 643 537 nostrique
686 490 962 537 negotiatores
1006 490 1074 537 qui
1116 487 1211 524 inde
1254 500 1399 525 venere

211 552 438 589 adfirmant.
493 565 567 589 nec
593 551 675 588 ulla
700 554 741 588 in
766 557 885 601 parte
909 551 997 601 plus
1024 557 1094 588 aut
1119 551 1286 589 celerius
1311 565 1400 601 pro-

212 616 344 654 fecere
389 623 523 654 terrae
568 616 796 654 fluminibus
840 619 1047 660 invectae;
1103 619 1231 666 magis
1268 615 1400 654 illud1

212 685 356 719 mirum
397 687 472 726 est,
511 687 627 719 aestu
665 681 784 731 longe
829 680 933 718 ultra
970 680 1011 718 id
1057 681 1277 718 accedente
1322 694 1400 718 non

209 760 472 796 repercussas.

135 816 193 847 141
268 811 354 848 Hoc
390 814 430 848 in
465 811 551 849 loco
586 814 770 861 genitum
807 824 893 848 esse
930 811 1169 861 Dionysium
1204 817 1401 848 terrarum

214 877 318 913 orbis
345 879 445 913 situs
474 879 794 914 recentissimum
823 881 1043 919 auctorem,
1071 888 1192 925 quem
1220 875 1271 913 ad
1297 888 1403 913 com-

213 941 434 979 mentanda
479 943 613 978 omnia
659 943 698 978 in
745 943 943 978 orientem
989 942 1240 990 praemiserit
1287 940 1402 978 divus

214 1007 423 1057 Augustus
444 1009 550 1044 ituro
571 1008 613 1043 in
633 1006 869 1042 Armeniam
892 1005 943 1042 ad
966 1004 1172 1042 Parthicas
1194 1005 1404 1042 Arabicas-

215 1085 294 1122 que
328 1084 389 1109 res
423 1074 575 1108 maiore
609 1071 703 1115 filio,
737 1084 818 1107 non
850 1083 916 1107 me
949 1072 1173 1120 praeteriit,
1207 1082 1280 1107 nec
1314 1081 1403 1107 sum

216 1137 363 1174 oblitus
387 1139 447 1174 sui
472 1149 675 1187 quemque
699 1138 798 1173 situs
823 1135 1174 1185 diligentissimum
1199 1139 1403 1172 auctorem

216 1204 341 1238 visum
376 1202 489 1238 nobis
527 1203 694 1238 introitu
728 1203 881 1250 operis3
932 1202 972 1236 in
1005 1198 1081 1236 hac
1114 1205 1254 1236 tamen
1287 1205 1404 1249 parte

214 1280 325 1303 arma
357 1265 538 1303 Romana
570 1268 684 1316 sequi
711 1265 845 1315 placet
872 1265 984 1301 nobis
1015 1264 1239 1314 Iubamque
1266 1277 1403 1314 regem

215 1331 267 1368 ad
289 1331 462 1368 eundem
484 1331 631 1368 Gaium
652 1330 868 1368 Caesarem
889 1331 1045 1379 scriptis
1066 1328 1332 1366 voluminibus
1353 1327 1405 1366 de

216 1396 358 1433 eadem
382 1396 641 1446 expeditione
663 1395 850 1432 Arabica.

139 1465 198 1496 142
269 1461 441 1498 XXXII.
471 1461 636 1505 Arabia,
657 1463 841 1511 gentium
864 1459 961 1496 nulli
983 1457 1244 1509 postferenda
1266 1457 1407 1508 ampli-

216 1526 371 1570 tudine,
389 1526 618 1576 longissime
638 1538 661 1562 a
680 1531 818 1562 monte
838 1525 996 1561 Amano
1017 1537 1038 1561 e
1058 1525 1222 1573 regione
1241 1522 1405 1560 Ciliciae

218 1590 593 1642 Commagenesque
648 1589 872 1633 descendit,
927 1594 972 1626 ut
1027 1587 1215 1632 diximus,
1269 1586 1405 1625 multis

218 1655 406 1706 gentibus
449 1669 587 1693 eorum
628 1654 812 1692 deductis
851 1653 921 1690 illo
961 1666 983 1689 a
1023 1652 1196 1703 Tigrane
1239 1651 1406 1702 Magno,

218 1726 362 1770 sponte
391 1733 483 1758 vero
512 1719 562 1757 ad
590 1733 701 1756 mare
729 1724 909 1756 nostrum
937 1717 1113 1768 litusque
1142 1717 1406 1768 Aegyptium,

617 1838 628 1857 ¹
652 1836 737 1868 illud
754 1835 946 1868 Rackham:
977 1835 1023 1867 id.

337 1985 352 2001 ⁰
375 1981 448 2013 The
464 1979 648 2021 emperor's
664 1978 816 2019 adopted
832 1989 904 2016 son,
922 1977 974 2009 his
988 1976 1161 2019 grandson
1176 1975 1294 2010 Gaius.

218 2067 291 2101 444
