1515 2351
407 133 598 172 PLINY:
650 134 914 172 NATURAL
951 134 1189 173 HISTORY

203 239 304 275 item
335 236 574 281 Succhabar,
605 239 705 274 item
735 237 989 289 Tubusuptu,
1020 240 1204 276 civitates
1235 239 1389 284 Timici,

203 291 393 341 Tigavae,
446 290 609 327 flumina
661 290 864 335 Sardaval‚
916 292 1038 337 Aves,
1091 291 1239 338 Nabar,
1290 305 1389 343 gens

208 344 431 389 Macurebi,
477 343 627 381 flumen
675 343 792 389 Usar,
838 357 937 394 gens
986 345 1184 382 Nababes.
1240 345 1390 383 flumen

205 398 410 448 Ampsaga
456 398 572 434 abest
619 410 642 433 a
689 397 887 434 Caesarea
933 398 1117 434 cccxx11.1
1180 401 1389 449 utriusque

207 451 488 488 Mauretaniae
505 450 715 501 longitudo
736 453 784 502 Ἦ
805 452 972 494 m,
989 449 1161 488 latitudo
1179 464 1388 489 ccccmvn.

260 504 312 541 II.
342 505 406 541 Ab
443 505 649 554 Ampsaga
686 503 875 540 Numidia
911 509 974 540 est
1013 503 1249 542 Masinissae
1285 503 1391 541 clara

205 560 380 603 nominc,
428 557 694 608 Metagonitis
740 562 849 593 terra
895 569 918 593 a
964 556 1128 595 Graecis
1174 557 1390 608 appellata,

206 611 405 648 Numidae
451 624 544 648 vero
589 610 790 647 Nomades
835 623 857 646 a
901 611 1178 660 permutandis
1222 610 1390 661 pabulis,

205 664 377 715 mapalia
395 678 479 709 sua,
498 664 572 701 hoc
591 670 653 701 est
671 664 825 707 domos,
843 662 1030 714 plaustris
1048 663 1388 702 circumferentes.

204 718 351 768 oppida
368 717 497 762 Cullu,
518 717 752 762 Rusiccade,
772 723 814 754 et
837 717 888 753 ab
911 729 959 753 eo
981 717 1032 754 ad
1054 731 1177 755 xnvm
1207 720 1247 754 in
1267 718 1392 755 medi-

204 777 391 808 terraneo
430 771 584 808 colonia
625 770 735 808 Cirta
775 770 1018 808 Sitianorum
1056 774 1308 821 cognomine,
1348 777 1391 809 et

205 825 282 861 alia
299 827 407 862 intus
424 824 550 869 Sicca,
567 825 818 874 liberumque
836 823 1027 874 oppidum
1045 823 1158 860 Bulla
1176 824 1314 875 Regia.
1349 830 1391 862 at

205 881 245 915 in
290 892 359 915 ora
402 878 595 923 Tacatua,
642 878 776 928 Hippo
822 877 985 928 Regius,
1030 877 1180 914 flumen
1225 879 1391 923 Armua,

205 931 396 983 oppidum
411 932 591 969 Tabraca
606 934 751 968 civium
767 931 1050 968 Romanorum.
1105 931 1234 968 Tusca
1250 931 1390 969 fluvius

207 985 418 1022 Numidiae
464 985 562 1022 finis.
618 998 692 1022 nec
735 990 898 1035 praeter
940 987 1146 1022 marmoris
1191 984 1390 1022 Numidici

205 1039 459 1089 ferarumque
479 1044 718 1089 proventum
737 1038 844 1075 aliud
863 1040 1018 1088 insigne
1038 1041 1085 1076 ei.

258 1092 332 1130 ΙΙΙ.
362 1094 398 1130 A
435 1092 565 1129 Tusca
601 1092 825 1142 Zeugitana
862 1094 973 1142 regio
1011 1098 1053 1129 et
1090 1105 1194 1142 quae
1231 1094 1391 1143 proprie

205 1152 369 1183 vocetur
406 1145 542 1182 Africa
580 1152 653 1183 est.
710 1148 786 1182 tria
824 1147 1114 1195 promunturia,
1152 1145 1391 1191 Candidum,

205 1213 297 1236 mox
314 1199 508 1250 Apollinis
524 1199 735 1236 adversum
750 1198 971 1244 Sardiniae,
990 1198 1164 1236 Mercuri
1181 1199 1390 1236 adversum

205 1252 376 1298 Siciliae,
408 1256 448 1289 in
482 1253 608 1290 altum
641 1255 916 1303 procurrentia
949 1252 1028 1289 duo
1060 1252 1236 1290 efficiunt
1269 1255 1391 1298 sinus,

207 1306 524 1357 Hipponiensem
545 1309 770 1357 proximum
793 1306 843 1343 ab
864 1306 1011 1356 oppido
1032 1306 1139 1356 quod
1161 1306 1391 1356 Hipponem

209 1360 398 1397 Dirutum
417 1366 573 1404 vocant,
594 1359 856 1410 Diarrhytum
875 1360 1038 1396 Graecis
1055 1359 1209 1396 dictum
1227 1365 1392 1410 propter

206 1427 399 1464 aquarum
429 1416 598 1464 inrigua,
629 1416 690 1451 cui
723 1413 935 1450 finitimum
965 1412 1180 1450 Theudalis
1211 1415 1389 1450 immune

138 1476 145 1484 ⁶
205 1467 410 1517 oppidum,
454 1467 609 1517 longius
654 1480 677 1503 a
720 1466 860 1509 litore;
918 1467 1012 1503 dein
1069 1469 1390 1517 promunturium

206 1520 414 1571 Apollinis,
433 1526 475 1558 et
493 1523 533 1557 in
552 1520 679 1557 altero
698 1523 786 1556 sinu
806 1520 926 1557 Utica
944 1522 1088 1557 civium
1108 1519 1390 1565 Romanorum,

648 1631 660 1651 ¹
684 1630 781 1664 6,ὲῖιῖ
801 1630 938 1662 Brotier.

248 1799 264 1814 ⁰
285 1794 357 1826 Tho
370 1795 509 1826 modern
522 1795 756 1827 Constantine.
798 1795 904 1826 Sitius
916 1794 1036 1826 served
1053 1794 1161 1826 under
1173 1794 1306 1833 Caesar,
1320 1795 1389 1826 and

205 1838 359 1869 received
375 1848 395 1869 n
412 1842 513 1877 grant
531 1837 570 1869 of
583 1838 641 1869 the
659 1838 755 1879 place
773 1837 861 1868 aster
878 1837 937 1868 the
954 1837 1069 1868 defeat
1087 1837 1125 1868 of
1137 1837 1243 1869 Juba.

251 1881 263 1900 δ
286 1881 316 1912 Α
347 1881 518 1912 residence
547 1891 584 1912 or
614 1881 817 1912 foundation
848 1880 887 1912 of
912 1880 971 1911 the
1002 1880 1112 1921 Kings
1141 1880 1180 1912 of
1205 1881 1388 1918 Numidia;

204 1923 299 1979 tlicre
325 1935 393 1955 was
418 1923 490 1956 also
515 1934 536 1955 a
561 1923 659 1955 small
685 1923 781 1965 place
807 1923 931 1955 named
956 1923 1058 1954 Bulla
1083 1923 1201 1954 Mensa
1226 1923 1329 1955 south
1355 1923 1393 1955 of

203 1966 500 2050 Lag-tpffrtigatedss
519 2008 528 2022 ‘
543 2008 737 2041 canalised.'

211 2083 280 2118 234
