1515 2351
135 689 177 720 67

137 1272 178 1302 58

406 127 597 166 PLINY:
649 128 915 166 NATURAL
953 127 1190 166 HISTORY

203 237 360 269 montes
399 231 636 281 adsurgunt,
676 230 947 281 Indorumque
985 243 1084 281 gens
1122 232 1274 280 incipit,
1312 244 1392 268 non

205 296 288 333 Eoo
309 302 470 332 tantum
493 298 590 332 mari
612 295 800 332 adiacens
819 308 957 332 verum
980 300 1022 332 et
1043 295 1264 332 meridiano
1285 295 1391 346 quod

206 360 386 397 Indicum
403 359 704 410 appellavimus.
755 372 858 409 quae
872 373 962 409 pars
976 361 1120 396 orienti
1135 365 1197 396 est
1212 359 1392 405 adversa,

205 431 314 462 recto
340 424 621 474 praetenditur
647 426 778 474 spatio
804 423 854 461 ad
882 423 1031 461 flexum
1058 429 1100 461 et
1126 426 1239 461 initio
1267 423 1391 462 Indici

204 491 322 526 maris
357 495 479 541 [xvm'
511 490 606 526 ffffi
626 487 793 538 colligit,
813 488 960 526 deinde
986 501 1092 539 quae
1115 501 1158 526 se
1184 488 1296 526 flexit
1312 489 1326 513 ¹
1353 491 1393 525 in

205 553 428 594 meridiem,
454 560 567 603 {xxiv}
596 554 707 596 κλεῖν,
729 558 774 589 ut
798 552 1088 590 Eratosthenes
1109 552 1250 598 tradit,
1267 567 1393 604 usque

204 618 254 655 ad
283 617 426 654 Indum
451 629 611 653 amnem
638 619 704 666 qui
731 623 792 654 est
817 617 868 654 ab
892 617 1103 655 occidente
1127 617 1214 655 finis
1239 617 1392 656 Indiae.

204 682 414 732 conplures
437 687 574 718 autem
597 686 727 718 totam
750 684 834 719 eius
856 682 1149 734 longitudinem
1172 694 1219 719 XL
1239 682 1393 720 dienun

205 750 464 796 noctiumque
491 745 642 782 velifico
667 749 828 783 navium
851 761 967 784 cursu
992 746 1328 792 determinavere,
1352 753 1394 785 et

205 826 227 849 a
241 814 518 861 septentrione
532 810 582 847 ad
598 810 805 848 meridiem
824 813 975 863 lfivfii]
994 813 1026 848 i„
1076 811 1255 861 Agrippa
1270 811 1394 863 longi-

205 876 354 914 tudinis
402 876 568 926 [ivassnb
604 875 829 912 latitudinis
874 877 997 926 [fsxiifl
1045 876 1232 926 prodidit.
1289 876 1394 914 Posi·

205 941 346 978 donius
378 940 428 976 ab
459 942 612 976 aestivo
642 940 733 977 solis
757 945 847 977 ortu
879 939 930 975 ad
962 939 1175 977 hibernum
1207 946 1393 978 exortum

205 1012 382 1043 metatus
410 1010 471 1042 est
498 1017 603 1048 eam,
629 1004 839 1042 adversam
866 1003 1023 1042 Galliae
1048 1011 1247 1050 statuens,
1274 1019 1394 1056 quam

205 1070 255 1107 ab
278 1069 487 1107 occidente
509 1072 662 1106 aestivo
685 1069 736 1106 ad
758 1069 1011 1106 occidentem
1033 1068 1245 1107 hibernum
1267 1077 1395 1108 meta-

205 1136 338 1178 batur,
362 1140 493 1171 totam
519 1147 540 1170 a
566 1133 748 1177 favonio;
787 1136 927 1183 itaque
951 1133 1119 1172 adverso
1135 1134 1151 1158 ²
1175 1137 1260 1173 eius
1285 1138 1394 1173 venti

205 1199 357 1237 adflatu
386 1201 509 1235 iuvari
539 1198 696 1235 Indiam
723 1198 1008 1249 salubremque
1035 1199 1120 1236 fieri
1146 1198 1246 1236 haut
1273 1199 1395 1237 dubia

207 1267 362 1301 ratione
377 1263 525 1300 docuit.
581 1263 658 1300 alia
671 1262 725 1299 illi
739 1262 840 1300 caeli
853 1263 989 1308 facies,
1003 1263 1069 1300 alii
1082 1263 1257 1302 siderum
1272 1270 1395 1310 ortus,

206 1329 325 1365 binae
357 1333 535 1365 aestates
568 1330 609 1365 in
640 1341 759 1372 anno,
792 1328 910 1365 binae
943 1341 1094 1366 messes
1126 1329 1260 1366 media
1291 1332 1396 1368 inter

206 1393 292 1431 filas
315 1392 448 1430 hieme
471 1395 688 1430 etesiarum
711 1392 824 1437 flatu,
848 1399 984 1430 nostra
1006 1406 1099 1431 vero
1121 1393 1264 1431 bruma
1285 1393 1395 1432 lenes

206 1459 257 1495 ibi
302 1471 438 1502 aurae,
480 1470 590 1495 mare
633 1457 873 1508 navigabile.
929 1463 1073 1507 gentes
1116 1460 1153 1496 ei
1195 1459 1395 1509 urbesque

207 1526 455 1567 innumerae,
490 1525 521 1559 si
558 1525 645 1572 quis
681 1535 820 1559 omnes
855 1525 1042 1572 persequi
1078 1522 1188 1560 velit.
1243 1526 1395 1561 etenim

206 1586 413 1638 patefacta
454 1593 515 1624 est
555 1600 634 1623 non
673 1586 793 1623 modo
833 1586 1052 1624 Alexandri
1095 1586 1236 1638 Magni
1277 1589 1395 1626 armis

207 1665 429 1702 regumque
461 1654 527 1702 qui
558 1664 786 1689 successere
815 1653 867 1695 ei,
895 1653 1170 1689 circumvectis
1202 1654 1326 1689 etiam
1355 1655 1395 1690 in

208 1716 455 1767 Hyrcanium
486 1729 598 1754 mare
628 1721 670 1754 et
701 1715 892 1766 Caspium
923 1714 1091 1753 Seleuco
1122 1722 1164 1754 et
1195 1715 1395 1754 Antiocho

206 1780 495 1831 praefectoque
520 1780 656 1818 classis
684 1793 822 1818 eorum
850 1779 1048 1825 Patrocle,
1076 1793 1214 1818 verum
1241 1786 1284 1819 et
1309 1781 1396 1818 aliis

444 1900 456 1920 ¹
483 1899 641 1941 Mayhoff
651 1911 659 1931 ε
688 1899 811 1931 deinde
827 1908 895 1940 qua
911 1900 982 1939 (aia
998 1901 1047 1938 se)
1063 1899 1170 1932 flexit.

446 1943 458 1963 ²
485 1941 539 1974 V.l.
555 1942 739 1974 adversum
757 1944 860 1983 (eam
877 1941 1084 1983 Hardouin).

205 2054 277 2101 380
