1515 2351
103 373 139 403 71

101 1204 141 1234 72

375 114 542 152 PLINY
556 128 565 152 z
616 114 881 153 NATURAL
918 114 1155 153 HISTORY

170 217 287 268 longe
311 218 526 255 clarissima
550 219 708 256 urbium
727 221 904 263 orientis,
926 231 1005 255 non
1027 218 1202 256 Iudaeae
1222 218 1358 264 modo,

171 293 394 330 Herodium
414 307 504 330 cum
525 293 673 344 oppido
692 293 848 330 inlustri
869 293 1049 331 eiusdem
1069 295 1250 330 nominis.

223 368 413 406 Iordanes
435 371 562 405 amnis
584 371 710 406 oritur
731 382 752 405 e
775 368 887 406 fonte
910 367 1101 413 Paniade,
1124 371 1190 419 qui
1212 382 1358 419 cogno-

169 457 262 481 men
313 443 427 481 dedit
479 444 700 481 Caesareae
751 444 802 481 de
855 457 933 495 qua
984 444 1174 481 dicemus.
1230 447 1357 482 amnis

185 532 361 556 moenus
377 525 419 557 et
435 526 634 570 quatenus
648 519 826 557 locorum
840 522 939 557 situs
954 522 1108 570 patitur
1122 520 1356 558 ambitiosus

169 595 391 645 accolisque
433 608 475 632 se
517 595 715 645 praebens
757 594 868 632 velut
908 598 1055 632 invitus
1098 594 1356 646 Asphaltiten

169 670 299 708 lacum
326 670 456 707 dirum
483 677 627 707 natura
652 673 772 721 petit,
798 683 822 707 a
848 684 927 721 quo
951 677 1156 722 postremo
1182 671 1358 708 ebibitur

170 759 374 796 aquasque
397 746 580 783 laudatas
601 745 735 796 perdit
756 745 1038 796 pestilentibus
1061 748 1219 783 mixtas.
1261 759 1358 796 ergo

170 821 237 858 ubi
257 823 385 872 prima
405 820 642 858 convallium
665 820 740 858 fuit
761 824 929 866 occasio,
949 824 989 858 in
1009 821 1139 858 lacum
1160 834 1202 858 se
1224 821 1358 858 fundit

170 910 291 947 quem
315 896 448 948 plures
474 897 722 934 Genesaram
746 902 904 942 vocant,
928 898 993 933 ffi
1018 911 1056 947 p.
1082 896 1356 947 longitudinis,

169 975 209 1009 ἦ
245 972 483 1017 latitudinis,
519 975 696 1009 amoenis
729 975 1066 1023 circumsaeptum
1101 972 1272 1023 oppidis,
1307 973 1358 1010 ab

169 1050 324 1086 oriente
356 1047 510 1086 Iuliade
543 1055 585 1086 et
615 1048 765 1099 Hippo,
794 1062 818 1085 a
846 1048 1015 1086 meridie
1045 1047 1253 1094 Tarichea,
1279 1062 1358 1100 quo

169 1127 329 1161 nomine
373 1124 494 1174 aliqui
537 1130 580 1161 et
622 1124 752 1161 lacum
795 1123 1015 1175 appellant,
1055 1124 1106 1161 ab
1147 1124 1357 1162 occidente

167 1199 379 1237 Tiberiade
423 1203 535 1250 aquis
573 1200 710 1237 calidis
753 1199 912 1237 salubri.
968 1198 1219 1250 Asphaltites
1262 1199 1357 1237 nihil

168 1282 330 1325 praeter
366 1276 550 1313 bitumen
586 1278 731 1327 gignit,
768 1276 875 1313 unde
912 1281 954 1312 et
991 1289 1149 1312 nomen.
1205 1275 1357 1313 nullum

167 1364 308 1401 corpus
340 1351 570 1388 animalium
601 1354 757 1402 recipit,
788 1353 891 1388 tauri
921 1350 1143 1401 camelique
1174 1350 1357 1396 fluitant3

168 1423 261 1461 inde
275 1423 383 1461 fama
396 1423 492 1460 nihil
509 1426 548 1460 in
563 1438 610 1461 eo
624 1426 764 1474 mergi.
820 1423 1072 1474 longitudine
1087 1423 1247 1461 excedit
1262 1425 1283 1461 E
1302 1438 1357 1475 p.‚

169 1498 382 1536 latitudine
406 1501 582 1536 maxima
605 1500 701 1535 ff
725 1498 880 1549 implet,
903 1501 1068 1535 minima
1090 1498 1142 1536 ἦ.
1168 1501 1358 1550 prospicit

169 1586 261 1610 eum
277 1575 328 1611 ab
343 1577 499 1611 oriente
517 1574 666 1611 Arabia
683 1574 925 1618 Nomadum,
941 1587 964 1610 a
980 1573 1147 1610 meridie
1167 1572 1357 1612 Machae-

168 1662 247 1694 rus,
267 1650 444 1687 secunda
465 1650 669 1700 quondam
691 1663 761 1686 arx
785 1649 961 1687 Iudaeae
983 1650 1034 1686 ab
1056 1649 1354 1700 Hierosolymis.

167 1724 311 1761 eodem
343 1725 469 1761 latere
502 1731 564 1761 est
595 1724 746 1761 calidus
778 1723 865 1761 fons
897 1724 1079 1761 medicae
1111 1723 1356 1762 salubritatis

168 1798 355 1838 Callirroe
377 1813 572 1850 aquarum
591 1799 761 1851 gloriam
780 1802 867 1851 ipso
887 1802 1047 1837 nomine
1068 1798 1311 1850 praeferens.

211 1937 226 1951 ⁶
247 1931 320 1963 The
345 1931 458 1973 valley
482 1932 517 1963 of
542 1932 601 1964 the
622 1932 755 1964 Jordan
776 1943 858 1964 runs
881 1933 914 1964 in
935 1943 956 1964 a.
977 1931 1126 1973 straight
1145 1931 1213 1963 lino
1230 1931 1356 1965 almost

166 1978 204 2007 to
214 1975 272 2007 the
284 1976 380 2007 Dead
390 1977 466 2012 Sea,
479 1975 541 2007 but
552 1975 611 2007 the
621 1980 750 2007 stream
763 1975 855 2007 itseli
866 1975 974 2007 winda
985 1976 1019 2007 in
1030 1985 1214 2007 numerous
1223 1984 1353 2008 curves.

171 2048 238 2084 274
