1515 2351
125 242 165 273 83

395 132 585 170 PLINY:
638 133 903 171 NATURAL
940 132 1179 171 HISTORY

244 237 332 274 XX.
363 237 416 274 Et
446 238 497 274 de
526 236 735 287 Euphrate
762 236 836 274 hoc
861 239 902 274 in
929 237 1016 274 loeo
1045 237 1194 276 dixisse
1222 240 1379 289 aptissi-

194 329 304 352 mum
322 315 455 352 fuerit.
511 318 637 352 oritur
652 318 690 352 in
707 314 962 364 praefectura
979 315 1198 354 Armeniae
1213 315 1379 355 Maioris

193 393 440 437 Caranitide,
463 399 507 430 ut
530 393 743 443 prodidere
765 406 815 430 ex
837 396 882 430 iis
905 396 973 443 qui
994 397 1177 443 proxime
1198 394 1380 432 viderant

195 471 396 508 Domitius
421 471 593 508 Corbulo
616 474 656 507 in
679 478 817 508 monte
841 472 946 522 Aga,
970 471 1143 509 Licinius
1169 472 1380 510 Mucianus

193 550 267 586 snb
297 550 494 586 radicibus
519 552 665 586 montis
691 563 810 599 quem
837 550 1020 599 Capoten
1044 550 1239 600 appellat,
1262 564 1381 601 supra

194 628 391 664 Zimaram
423 629 479 664 iffi
512 641 566 678 p.‚
597 630 710 664 initio
743 627 966 678 Pyxurates
998 631 1238 666 nominatus.
1294 628 1381 667 fluit

196 706 408 743 Derzenen
464 708 650 755 primum,
706 719 799 742 mox
855 706 1109 750 Anaeticam,
1165 707 1382 745 Armeniae

195 787 376 834 regiones
402 798 423 820 a
449 783 703 834 Cappadocia
729 783 958 822 excludens.
1016 784 1195 822 Dascusa
1219 785 1335 823 abest
1358 799 1382 823 a

195 863 350 898 Zimara
385 864 479 898 Lssx'xv
511 876 549 912 1).
582 862 676 899 inde
705 865 919 913 navigatur
951 861 1164 900 Sartonam
1199 864 1233 908 fi,
1267 863 1382 901 Meli-

194 947 317 977 tenen
367 940 646 989 Cappadociae
695 941 801 985 ἶλῖῑ,
851 940 1045 991 Elegeam
1094 941 1312 978 Armeniae
1359 954 1381 978 x

195 1021 370 1068 acceptis
406 1017 633 1055 fluminibus
674 1018 797 1068 Lyce,
832 1018 1014 1062 Arsania,
1053 1019 1220 1056 Arsano.
1275 1019 1382 1069 apud

195 1097 389 1147 Elegeam
437 1099 606 1134 occurrit
655 1099 690 1134 ei
738 1097 890 1133 Taurus
939 1110 1066 1142 mons,
1113 1110 1186 1135 nec
1234 1100 1382 1136 resistit

196 1189 439 1226 quamquam
470 1176 526 1212 .ῖῇ
557 1189 596 1225 p.
627 1175 844 1212 latitudine
873 1175 1139 1225 praevalens.1
1195 1175 1382 1214 Ommam

196 1260 339 1291 vocant
362 1257 675 1304 inrumpentem,
697 1267 790 1290 mox
813 1254 879 1290 ubi
902 1254 1111 1305 perfregit,
1133 1253 1383 1304 Euphraten,

149 1340 165 1367 .“
196 1332 300 1369 ultra
325 1345 486 1383 quoque
509 1346 695 1369 saxosum
721 1338 762 1369 et
787 1332 1019 1370 violentum.
1075 1333 1267 1370 Arabiam
1290 1333 1383 1371 inde

197 1411 323 1455 laeva,
344 1411 524 1448 Orroeon
543 1411 692 1448 dictam
713 1413 933 1460 regionem,
952 1410 1176 1448 trischoena
1197 1424 1382 1448 mensura

197 1490 423 1540 dextraque
452 1489 754 1539 Commagenen
785 1489 1053 1533 disterminat,
1082 1492 1214 1539 pontis
1244 1495 1383 1527 tamen

197 1571 319 1604 etiam
341 1569 405 1604 nbi
425 1568 601 1604 Taurum
621 1574 829 1617 expugnat
848 1571 1017 1617 patiens.
1074 1567 1178 1616 apud
1200 1567 1383 1605 Claudio-

198 1646 318 1695 polim
352 1646 631 1696 Cappadociae
664 1659 822 1682 cursum
855 1645 906 1682 ad
939 1659 1119 1681 occasum
1154 1646 1244 1681 solis
1277 1648 1384 1696 agit3

199 1727 324 1774 primo
344 1723 448 1761 hune
468 1723 545 1760 illie
565 1727 604 1760 in
624 1737 758 1773 pugna
777 1723 930 1760 Taurus
949 1723 1096 1767 aufert,
1117 1727 1323 1773 vietusque
1342 1729 1384 1761 et

199 1803 372 1838 abst-isus
394 1802 555 1838 sibimet
577 1801 653 1837 alio
676 1801 794 1838 modo
816 1804 936 1838 vineit
958 1815 1003 1838 ac
1025 1801 1195 1838 fractum
1219 1801 1384 1851 expellit

199 1883 238 1917 in
276 1880 497 1917 meridiem.
539 1883 594 1916 ita
639 1885 808 1916 naturae
845 1879 1048 1916 dimicatio
1083 1878 1150 1916 illa
1188 1884 1386 1929 aequatur

631 1990 642 2009 ¹
662 1988 713 2021 Ill.
731 1990 953 2030 praevalenti.

204 2063 272 2107 284
