1515 2351
118 310 159 342 53

119 1020 161 1049 54

392 138 559 176 PLINY
574 152 582 176 :
635 139 900 177 NATURAL
938 138 1176 176 HISTORY

186 243 335 278 iterum
360 243 487 278 sensit
513 240 731 287 hominem,
757 241 911 292 prosilit
938 241 1066 286 fonte,
1092 247 1138 278 ut
1164 240 1375 278 verisimile

187 311 263 351 est,
292 305 357 342 illo
387 318 508 356 quem
539 306 707 356 Nigrum
735 319 940 343 vocavere.
996 305 1090 343 inde
1118 304 1297 342 Africam
1325 305 1376 341 ab

188 369 405 420 Aethiopia
433 370 677 421 dispescens,
705 372 864 408 etiamsi
891 383 971 407 non
998 372 1179 421 protinus
1207 369 1376 420 populis,

188 432 281 471 feris
311 440 451 472 tamen
481 440 524 471 et
552 434 680 472 beluis
711 433 899 484 frequens
929 433 1197 484 silvarumque
1227 432 1377 484 opifex,

186 497 341 535 medios
362 497 585 549 Aethiopas
604 504 716 536 secat
735 501 1042 549 cognominatus
1063 498 1255 548 Astapus,
1270 497 1377 548 quod

187 562 343 600 illarum
370 565 555 614 gentium
583 563 719 614 lingua
747 563 946 613 significat
974 576 1120 613 aquam
1148 575 1171 600 e
1197 562 1376 600 tenebris

187 626 468 678 profluentem.
525 627 672 664 insulas
706 630 763 665 ita
797 630 1026 664 innumeras
1061 629 1227 678 spargit,
1262 639 1377 677 quas-

188 691 362 742 damque
383 698 469 729 tam
489 698 628 729 vastae
649 691 952 743 magnitudinis,
973 704 1218 742 quamquam
1238 690 1378 741 rapida

187 756 411 802 celeritate,
438 763 484 794 ut
513 763 652 794 tamen
678 756 836 794 dierum
864 770 888 793 v
915 770 1046 801 cursu,
1072 769 1152 793 non
1181 755 1377 800 breviore,

187 820 374 867 travolet‚
394 823 499 858 circa
520 821 781 858 clarissimam
802 834 941 858 earum
966 820 1137 858 Meroen
1158 820 1378 858 Astobores

187 884 300 922 laevo
325 885 438 923 alveo
462 885 610 931 dictus,
635 885 708 923 hoc
733 892 796 923 est
820 899 954 923 ramus
978 898 1108 936 aquae
1132 887 1330 922 venientis
1355 897 1376 922 e

187 951 380 995 tenebris,
406 950 551 988 dextra
578 964 672 987 vero
699 952 935 1001 Astusapes,
963 949 1070 1000 quod
1094 949 1232 987 lateris
1259 951 1377 1000 signi-

189 1014 416 1052 ficationem
433 1015 570 1061 adicit,
586 1029 660 1052 nec
677 1021 772 1052 ante
788 1014 900 1052 Nilus
917 1028 1038 1065 quam
1053 1027 1095 1052 se
1115 1019 1249 1052 totum
1265 1015 1378 1064 aquis

187 1093 319 1118 rursus
335 1079 598 1117 concordibus
618 1082 763 1125 iunxit,
779 1082 834 1116 sic
850 1092 1010 1130 quoque
1032 1082 1256 1116 etiamnum
1273 1077 1378 1116 Giris

189 1149 284 1181 ante
299 1147 528 1182 nominatus
544 1157 617 1195 per
631 1144 787 1195 aliquot
803 1144 925 1188 milia,
941 1149 983 1181 et
997 1146 1037 1180 in
1052 1149 1186 1181 totum
1201 1142 1378 1180 Homero

189 1210 402 1260 Aegyptus
424 1209 590 1259 aliisque
611 1209 764 1246 Triton.
820 1208 990 1246 subinde
1011 1207 1147 1245 insulis
1167 1210 1378 1258 impactus,

187 1273 363 1311 totidem
405 1276 595 1311 incitatus
638 1275 920 1319 inritamentis,
962 1278 1166 1324 postremo
1207 1271 1378 1310 inclusus

188 1339 406 1383 montibus,
435 1352 509 1376 nec
537 1338 698 1375 aliunde
726 1340 956 1383 torrentior,
984 1343 1121 1374 vectus
1150 1339 1262 1388 aquis
1289 1350 1378 1388 pro-

188 1403 423 1454 perantibus
461 1403 512 1440 ad
549 1402 680 1440 locum
717 1401 1034 1453 Aethiopicum1
1072 1404 1139 1452 qui
1178 1400 1376 1452 Catadupi

189 1467 384 1512 vocatur‚²
437 1470 649 1505 novissimo
701 1473 924 1505 catarracte
978 1469 1084 1504 inter
1134 1468 1377 1503 occursantis

189 1532 370 1582 scopulos
407 1546 486 1569 non
523 1531 646 1569 fluere
684 1534 865 1569 inmenso
902 1531 1060 1582 fragore
1095 1530 1272 1568 creditur
1306 1529 1378 1567 sed

190 1609 317 1633 ruere.
372 1603 514 1647 postea
543 1596 642 1633 lenis
667 1602 709 1633 et
737 1595 982 1633 confractis³
1011 1597 1123 1646 aquis
1143 1594 1377 1645 domitaque

190 1660 394 1706 violentia,
428 1660 579 1711 aliquid
613 1667 656 1698 et
689 1662 820 1711 spatio
854 1659 995 1705 fessus,
1029 1659 1164 1697 multis
1198 1660 1378 1709 quamvis

540 1746 552 1765 ¹
577 1746 768 1777 Rackham:
799 1745 1019 1786 Aethiopum.

541 1789 554 1808 ²
582 1788 632 1820 VJ.
653 1793 831 1820 vocantur.

541 1831 554 1850 ⁸
581 1831 634 1863 VJ.
652 1831 736 1863 levis
752 1836 787 1864 et
806 1831 1013 1864 confractus.

348 1965 363 1980 ⁰
386 1960 445 1993 Od.
463 1961 508 1992 iv.
525 1961 600 1992 477.

349 2003 362 2023 ⁶
383 2004 455 2035 Tho
475 2003 740 2040 northernmoet,
763 2013 837 2034 now
857 2002 916 2034 the
934 2002 1026 2034 First
1044 2002 1215 2034 Cataract.

191 2067 261 2115 258
