1515 2351
404 141 571 179 PLINY
586 154 595 180 ε
646 141 912 180 NATURAL
948 141 1185 180 HISTORY

201 244 309 294 quod
325 257 387 282 ars
406 244 513 281 nulla
529 247 569 281 in
586 247 723 294 paucis
740 258 906 282 numero
922 251 1105 295 praestet
1122 245 1386 283 adfectando!

200 311 274 335 nec
295 303 434 335 tamen
456 311 533 348 ego
553 300 594 334 in
615 298 815 348 plerisque
837 311 975 336 eorum
996 299 1246 349 obstringam
1267 299 1389 337 fidem

200 364 348 395 meam,
382 354 596 402 potiusque
630 351 682 389 ad
714 357 900 389 auctores
932 351 1123 401 relegabo
1156 355 1225 402 qui
1258 352 1389 390 dubiis

201 404 423 442 reddentur
457 406 656 449 omnibus,
690 405 809 442 modo
845 418 896 442 ne
930 407 982 442 sit
1017 405 1180 443 fastidio
1215 405 1389 443 Graecos

201 460 314 508 sequi
371 464 488 495 tanto
533 461 683 495 maiore
729 471 867 495 eorum
913 458 1124 507 diligentia
1178 459 1241 496 vel
1295 473 1391 496 cura

202 514 434 548 vetustiore.

165 570 184 600 9
257 565 309 602 II.
342 565 439 602 Esse
455 564 695 615 Scytharum
711 578 876 616 genera,
893 571 936 602 et
956 565 1119 615 quidem
1139 565 1268 616 plura,
1283 579 1387 616 quae

199 620 428 669 corporibus
483 618 666 655 humanis
720 624 978 656 vescerentur
1032 619 1389 657 indicavimus—id

200 675 330 722 ipsum
368 672 599 709 incredibile
634 671 803 709 fortasse
836 675 874 709 ni
912 675 1150 722 cogitemus,
1181 675 1222 710 in
1255 672 1390 710 medio

201 726 298 763 orbe
328 732 526 762 terrarum
556 724 618 776 [ac
651 725 783 762 Sicilia
812 731 854 763 et
885 725 1003 762 Italia
1019 726 1047 776 1]
1088 725 1210 763 fuisse
1245 732 1391 777 gentes

201 778 317 816 huius
342 782 524 823 monstri,
549 779 744 830 Cyclopas
770 785 812 816 et
838 779 1151 830 Laestrygonas,
1176 785 1219 817 et
1244 793 1390 830 nuper-

201 835 299 870 rime
323 838 434 869 trans
458 833 571 883 Alpis
596 832 800 870 hominem
822 832 1018 870 immolari
1043 836 1227 884 gentium
1251 846 1389 871 earum

139 891 176 921 10
202 899 311 923 more
332 886 508 930 solitum,
529 886 636 937 quod
657 886 821 937 paulum
842 899 866 923 a
885 886 1114 924 mandendo
1135 887 1263 924 abest.
1319 886 1390 924 sed

203 943 316 977 iuxta
353 953 420 977 eos
458 942 525 990 qui
561 946 657 977 sunt
693 940 744 977 ad
780 943 1101 990 septentrionem
1137 943 1255 985 versi,
1291 939 1390 978 haut

202 993 336 1044 procul
361 995 412 1031 ab
435 996 520 1044 ipso
544 994 739 1044 aquilonis
763 1000 908 1031 exortu
931 1007 1134 1044 specuque
1159 996 1243 1032 eius
1267 993 1389 1037 dicto,

201 1061 322 1097 quem
367 1047 497 1084 locum
544 1047 626 1085 Ges
672 1046 852 1084 Clithron
898 1047 1118 1098 appellant,
1162 1047 1389 1098 produntur

201 1102 415 1151 Arimaspi,
442 1114 541 1151 quos
568 1101 756 1146 diximus,
782 1114 862 1138 uno
889 1101 1003 1138 oculo
1029 1103 1070 1138 in
1097 1100 1230 1138 fronte
1256 1101 1390 1139 media

200 1157 388 1205 insignes.
443 1155 586 1205 quibus
613 1154 779 1192 adsidue
805 1154 956 1192 bellum
982 1167 1069 1192 esse
1094 1157 1200 1192 circa
1224 1154 1390 1192 metalla

199 1221 291 1246 cum
331 1211 481 1259 grypis,
519 1207 696 1246 ferarum
733 1208 881 1245 volucri
920 1221 1083 1259 genere,
1113 1207 1231 1259 quale
1271 1207 1390 1259 vulgo

201 1262 388 1306 traditur,
409 1267 577 1299 eruente
598 1275 648 1300 ex
668 1261 860 1299 cuniculis
880 1275 1036 1306 aurum,
1051 1264 1152 1299 mira
1166 1261 1390 1312 cupiditate

202 1321 244 1353 et
284 1315 378 1353 feris
418 1315 738 1353 custodientibus
780 1321 823 1353 et
863 1316 1085 1366 Arimaspis
1125 1316 1391 1366 rapientibus,

202 1369 317 1406 multi
346 1369 418 1406 sed
448 1372 623 1407 maxime
654 1369 841 1406 inlustres
873 1369 1104 1407 Herodotus
1136 1375 1179 1406 et
1209 1370 1391 1406 Aristeas

203 1422 488 1460 Proconnesius
507 1424 700 1460 scribunt.

137 1481 171 1511 ll
252 1476 380 1527 Super
419 1476 514 1513 alios
555 1482 693 1514 autem
732 1475 1100 1527 Anthropophagos
1140 1474 1311 1526 Scythas
1350 1477 1389 1512 in

202 1530 378 1580 quadam
396 1530 575 1568 convalle
594 1543 742 1581 magna
763 1530 888 1567 Imavi
907 1532 1055 1566 montis
1074 1531 1186 1580 regio
1205 1535 1267 1566 est
1286 1541 1391 1579 quae

202 1590 367 1621 vocatur
390 1585 625 1629 Abarimon,
650 1587 690 1620 in
715 1597 795 1634 qua
818 1583 1020 1621 silvestres
1045 1585 1184 1620 vivunt
1208 1582 1391 1620 homines

202 1640 348 1675 aversis
367 1643 459 1688 post
475 1651 590 1675 crura
609 1637 772 1688 plantis,
792 1639 965 1675 eximiae
985 1636 1224 1682 velocitatis,
1242 1638 1393 1687 passim

417 1724 430 1743 ²
458 1722 510 1756 VJ.
526 1723 571 1755 ab
587 1723 690 1755 Italia
705 1727 741 1755 et
756 1722 870 1755 Sicilia
884 1735 892 1755 :
917 1723 993 1755 sed.
1010 1722 1174 1764 Mayhoff.

249 1855 264 1870 ⁶
287 1851 358 1882 The
381 1850 475 1882 MSS.
494 1850 563 1882 add
582 1850 671 1882 ‘and
695 1850 730 1882 in
754 1850 846 1892 Italy
864 1849 934 1881 and
957 1849 1083 1891 Sicily,'
1102 1860 1142 1881 or
1159 1849 1167 1862 ‘
1181 1859 1279 1891 away
1303 1849 1390 1881 from

205 1894 296 1935 Italy
313 1894 381 1925 and
397 1894 522 1935 Sicily)

248 1936 260 1956 ⁶
285 1938 344 1969 l.e.
369 1937 426 1969 the
449 1941 602 1969 extreme
624 1936 714 1968 limit
736 1937 776 1968 of
795 1936 853 1968 the
877 1935 1001 1973 world;
1026 1935 1084 1967 tho
1109 1935 1255 1976 κλεῖθρον
1279 1945 1348 1967 was
1371 1946 1392 1969 a

205 1980 345 2012 wooden
361 1991 399 2012 or
413 1981 486 2012 iron
504 1980 565 2011 bar
579 1979 661 2011 with
678 1979 786 2012 which
803 1990 824 2011 a
839 1979 924 2011 door
939 1989 1008 2011 was
1023 1978 1124 2012 mado
1140 1978 1220 2012 fast.

250 2028 261 2043 ⁶
285 2023 350 2054 ΙΙΙ.
370 2024 443 2061 116,
460 2023 520 2054 IV.
539 2024 590 2058 13,
608 2024 660 2054 27.

205 2097 273 2134 512
