1515 2351
406 152 572 190 PLINY
587 166 595 190 :
649 153 913 190 NATURAL
951 152 1188 191 HISTORY

139 262 180 293 64
203 256 275 294 sed
297 255 393 293 nihil
417 255 535 293 facile
560 257 785 305 reperiatur
807 254 1020 292 mulierum
1043 254 1237 306 profluvio
1265 260 1394 307 magis

138 775 181 804 65

141 1225 183 1253 66

139 1738 182 1769 67

206 320 506 357 monstrificum.
562 324 752 356 acescunt
784 324 1030 369 superventu
1062 325 1209 364 musta,
1241 320 1394 357 sterile-

206 390 323 421 scunt
348 389 560 420 contactae
587 382 737 433 fruges,
762 385 987 420 moriuntur
1013 385 1146 428 insita,
1172 390 1395 421 exuruntur

207 447 413 485 hortorum
428 449 624 498 germina,
638 446 791 484 fructus
805 447 992 484 arborum
1006 447 1166 498 [quibus
1180 447 1368 499 insidere]
1380 447 1393 471 ยน

207 512 414 556 decidunt,
431 511 682 562 speculorum
701 510 831 561 fulgor
848 510 1044 561 adspectu
1062 514 1146 562 ipso
1164 510 1395 557 hebetatur,

207 579 312 613 acies
346 575 440 612 ferri
475 577 798 625 praestringitur,
832 575 962 612 eboris
997 578 1115 620 nitor,
1150 575 1225 612 alvi
1260 578 1395 626 apium

207 643 444 683 moriuntur,
468 652 535 676 aes
559 641 682 676 etiam
705 652 751 676 ac
774 638 924 676 ferrum
947 640 1085 690 robigo
1108 642 1290 690 protinus
1312 653 1395 677 cor-

206 706 300 754 ripit
315 704 492 754 odorque
508 703 617 740 dirus
632 716 738 745 aera,
754 705 793 739 in
810 703 961 740 rabiem
978 709 1153 754 aguntur
1167 709 1332 754 gustato
1347 716 1395 742 eo

206 781 325 805 canes
344 774 468 818 atque
487 766 697 804 insanabili
715 780 871 804 veneno
888 780 1041 804 morsus
1059 767 1245 805 inficitur.
1300 770 1396 819 quin

209 838 249 870 et
283 833 527 869 bituminum
560 844 712 881 sequax
747 831 922 881 alioquin
956 844 1002 868 ac
1035 831 1146 869 lenta
1180 837 1325 869 natura
1355 835 1396 869 in

209 897 294 933 lncu
321 896 496 933 Iudaeae
521 898 588 945 qui
614 901 779 932 vocatur
803 894 1054 946 Asphaltites
1077 902 1189 933 certo
1212 902 1396 947 tempore

208 963 298 997 anni
337 965 602 1010 supernatans
640 973 719 996 non
757 961 845 1010 quit
881 960 955 996 sibi
993 959 1109 996 avelli
1147 960 1198 997 ad
1234 973 1395 998 omnem

208 1030 438 1061 contactum
483 1023 706 1061 adhaerens
749 1029 1034 1075 praeterquam
1071 1024 1135 1061 silo
1171 1024 1279 1075 quod
1314 1025 1395 1062 tale

209 1092 312 1126 virus
364 1088 560 1125 infecerit.
609 1091 733 1125 etiam
781 1087 968 1133 formicis,
1013 1088 1173 1125 animali
1218 1091 1396 1134 minimo,

206 1156 336 1191 inesse
362 1166 522 1190 sensum
551 1155 634 1189 eius
662 1152 814 1197 ferunt,
841 1153 1024 1203 abicique
1051 1158 1235 1203 gustatas
1261 1153 1397 1205 fruges

208 1231 282 1255 nec
307 1223 448 1268 postea
474 1219 617 1267 repeti.
673 1223 715 1254 et
741 1216 814 1253 hoc
838 1217 921 1254 tale
946 1222 1188 1267 tantumque
1213 1219 1397 1256 omnibus

207 1285 369 1320 tricenis
384 1282 526 1319 diebus
542 1281 692 1318 malum
707 1283 747 1318 in
762 1281 929 1319 muliere
945 1284 1104 1319 exsistit
1119 1288 1162 1319 et
1176 1284 1396 1320 trimenstri

208 1349 337 1397 spatio
362 1346 524 1397 largius,
549 1345 788 1396 quibusdam
815 1359 908 1383 vero
933 1348 1091 1396 saepius
1117 1359 1269 1391 mense,
1293 1349 1397 1384 sicut

208 1411 348 1460 aliquis
380 1424 611 1460 numquam.
667 1409 737 1447 sed
779 1409 881 1447 tales
910 1423 990 1447 non
1019 1413 1206 1461 gignunt,
1237 1411 1397 1461 quando

209 1475 307 1513 haec
351 1481 413 1512 est
456 1474 688 1525 generando
732 1474 880 1511 homini
924 1477 1108 1518 materia,
1151 1479 1331 1526 germine
1375 1489 1397 1513 e

209 1541 384 1577 maribus
408 1539 562 1590 coaguli
589 1539 707 1576 modo
730 1538 805 1576 hoc
828 1541 867 1575 in
891 1552 978 1576 sese
1002 1539 1267 1589 glomerante,
1290 1540 1398 1590 quod

209 1604 355 1641 deinde
379 1610 562 1654 tempore
587 1606 672 1653 ipso
696 1606 898 1640 animatur
920 1610 1246 1654 corporaturque.
1302 1617 1398 1656 ergo

208 1682 298 1705 cum
327 1668 501 1719 gravidis
531 1667 661 1712 fluxit,
690 1667 852 1705 invalidi
882 1673 953 1705 aut
982 1681 1060 1705 non
1090 1668 1230 1705 vitales
1259 1674 1397 1720 partus

207 1732 382 1770 eduntur
412 1738 483 1769 aut
511 1734 671 1776 saniosi,
698 1738 743 1769 ut
774 1738 913 1768 auctor
944 1738 1007 1769 est
1034 1732 1230 1783 Nigidius.
1285 1733 1394 1771 XVI.

208 1796 333 1846 (idem
360 1796 418 1833 lac
443 1795 617 1833 feminae
643 1809 720 1832 non
744 1799 941 1846 corrumpi
965 1796 1088 1833 alenti
1108 1802 1270 1847 partum
1289 1799 1321 1835 si
1346 1810 1397 1835 ex

604 1899 614 1917 ยน
638 1898 782 1930 Sedu-sit
803 1898 982 1932 Rackham.

645 2008 659 2022 ยน
681 2003 752 2034 The
771 2003 865 2035 Doad
883 2003 959 2035 Soa.

214 2066 284 2110 548
