1515 2351
130 655 169 685 81

402 128 568 165 PLINY
583 141 593 166 ε
644 128 910 166 NATURAL
947 128 1183 167 HISTORY

198 234 236 268 in
258 245 327 269 ora
346 234 473 269 amnis
495 231 669 269 Orontes
690 238 808 268 natus
829 234 934 269 inter
956 231 1155 268 Libanum
1175 237 1218 270 et
1238 231 1385 269 Antili-

197 301 346 338 banum
363 304 475 338 iuxta
492 301 747 351 Heliopolim.
795 301 942 351 oppida
958 300 1209 339 Rhosos—et
1228 315 1252 339 a
1270 307 1387 352 tergo

199 370 344 408 Portae
362 384 467 421 quae
482 370 622 421 Syriae
637 371 908 421 appellantur,
924 371 1135 408 intervallo
1150 370 1386 409 Rhosiorum

197 444 394 477 montium
433 447 475 478 et
513 441 743 484 Tauri,—in
780 454 849 478 ora
887 441 1078 490 oppidum
1119 441 1388 492 Myriandros,

198 524 310 547 mons
344 511 524 548 Amanus
558 513 598 547 in
631 524 709 561 quo
742 510 934 560 oppidum
968 510 1164 548 Bomitae.
1220 514 1306 561 ipse
1337 511 1387 548 ab

199 580 305 631 Syris
327 580 504 617 Ciliciam
525 587 698 630 separat.

250 650 361 687 XIX.
406 650 520 687 Nunc
570 654 760 688 interiora
809 651 1004 688 dicantur.
1083 650 1205 688 Coele
1264 650 1387 688 habet

200 721 426 770 Apameam
470 720 633 771 Marsya
673 733 793 758 amne
832 720 999 758 divisam
1039 734 1062 757 a
1103 720 1388 758 Nazerinorum

199 789 431 834 tetrarchia,
462 790 695 841 Bambycen
726 804 831 841 quae
861 790 938 827 alio
971 793 1134 828 nomine
1163 790 1388 841 Hierapolis

201 867 379 905 vocatur,
398 859 505 910 Syris
525 874 618 897 vero
640 860 901 911 Mabog—ibi
920 860 1147 911 prodigiosa
1167 860 1389 911 Atargatis,

201 930 364 967 Graecis
395 937 532 968 autem
564 931 740 968 Derceto
771 931 892 975 dicta,
921 931 1129 974 colitur—,
1158 929 1389 968 Chalcidem

199 1003 524 1051 cognominatam
562 1000 626 1037 Ad
664 1000 819 1044 Belum,
855 1001 964 1038 unde
1000 1003 1109 1051 regio
1146 999 1389 1037 Chalcidena

201 1070 443 1107 fertilissima
489 1070 643 1121 Syriae,
686 1077 728 1108 et
774 1071 867 1108 inde
912 1070 1164 1121 Cyrresticae
1205 1069 1389 1121 Cyrrum,

201 1140 390 1185 Gazetas,
408 1140 673 1185 Gindarenos,
692 1140 895 1185 Gabenos,
912 1139 1151 1178 tetrarchias
1169 1140 1268 1178 duas
1286 1153 1391 1191 quae

201 1210 560 1247 Granucomatitae
628 1216 833 1254 vocantur,
887 1210 1151 1255 Hemesenos‚
1204 1209 1390 1261 Hylatas,

204 1280 455 1318 Ituraeorum
469 1286 635 1331 gentem
653 1287 693 1318 et.
709 1283 775 1331 qui
792 1294 841 1318 ex
856 1279 915 1317 his
932 1279 1168 1317 Baethaemi
1183 1286 1389 1324 vocantur,

204 1350 551 1395 Mariamnitanos‚
571 1350 833 1388 tetrarchiam
855 1364 959 1401 quae
982 1350 1223 1388 Mammisea
1243 1350 1390 1400 apella-

200 1425 280 1464 tur,
338 1420 585 1464 Paradisum,
644 1420 806 1471 Pagras,
864 1419 1133 1464 Periclenitas,
1189 1419 1389 1457 Seleucias

201 1497 364 1540 praeter
381 1493 460 1526 iam
479 1490 629 1527 dictam
647 1490 760 1534 duas,
779 1503 883 1541 quae
902 1490 952 1527 ad
970 1489 1207 1539 Euphraten
1226 1495 1268 1527 et
1287 1502 1391 1540 quae

201 1560 251 1597 ad
292 1560 432 1597 Belum
473 1566 679 1604 vocantur,
719 1560 1002 1611 Tardytenses.
1059 1559 1209 1610 reliqua
1251 1565 1388 1597 autem

201 1629 314 1680 Syria
339 1629 462 1667 habet
489 1631 685 1679 (exceptis
712 1643 816 1680 quae
839 1643 930 1666 cum
957 1628 1165 1679 Euphrate
1189 1629 1388 1679 dicentur)

202 1698 480 1743 Arbethusios‚
502 1699 759 1743 Beroeenses,
781 1699 1084 1749 Epiphanenses
1105 1698 1156 1736 ad
1177 1698 1388 1742 Orontem,

202 1767 448 1806 Laodicenos
484 1772 549 1819 qui
585 1769 634 1806 ad
672 1769 869 1806 Libanum
903 1771 1250 1819 cognominantur,
1286 1767 1389 1804 Leu-

199 1839 347 1883 cadios,
402 1838 621 1883 Larisaeos,
673 1844 834 1888 praeter
885 1837 1121 1875 tetrarchias
1173 1841 1214 1874 in
1265 1850 1388 1888 regna

201 1908 409 1958 discriptas
431 1909 608 1945 barbaris
631 1909 854 1945 nominibus
876 1920 970 1945 xvn.

228 2065 250 2101 8
462 2024 476 2038 ⁰
502 2018 648 2055 Astarte,
672 2019 745 2049 hals
762 2029 905 2054 woman,
927 2017 1002 2049 half
1016 2017 1091 2050 fish.

205 2077 224 2102 2
254 2077 272 2101 2
