1515 2351
97 518 157 549 113

104 1173 165 1203 114

108 1682 168 1712 115

390 120 580 158 PLINY:
632 121 896 158 NATURAL
934 121 1170 160 HISTORY

189 226 407 262 Armeniae
429 225 664 275 Caspiisque
685 225 866 262 litoribus
889 229 1094 275 pertinent
1117 226 1168 264 ad
1189 226 1372 277 Scythas,

189 311 278 334 cum
317 298 458 348 quibus
496 310 545 334 ex
581 310 710 348 aequo
746 297 913 347 degunt.
969 299 1121 348 reliqua
1156 311 1212 336 vn
1249 313 1373 350 regna

188 370 373 406 inferiora
422 370 689 420 appellantur.
745 370 851 420 quod
898 370 949 407 ad
996 370 1163 408 Parthos
1210 375 1372 417 attinet,

188 455 347 492 semper
368 442 442 479 fuit
467 441 693 493 Parthyaea
714 445 754 479 in
776 442 975 480 radicibus
998 446 1193 480 montium
1214 447 1372 494 saepius

187 515 383 552 dictorum
413 518 478 565 qui
507 528 644 551 omnes
672 528 740 552 eas
766 521 910 566 gentes
937 521 1193 565 praetexunt.
1249 515 1372 554 habet

187 587 238 623 ab
262 594 350 624 ortu
379 589 507 631 Arios,
531 601 553 624 a
579 588 745 625 meridie
769 587 1023 624 Carmaniam
1050 594 1089 625 et
1116 589 1298 633 Arianos,
1321 589 1373 626 ab

189 673 330 696 occasu
352 660 524 697 Pratitas
548 660 705 702 Medos,
724 673 746 696 a
766 663 1043 710 septentrione
1063 661 1283 711 Hyrcanos,
1303 674 1372 699 un-

189 732 311 783 dique
347 733 515 770 desertis
552 735 695 770 cincta.
750 733 957 770 ulteriores
997 732 1133 770 Parthi
1171 733 1372 772 Nomades

189 805 456 855 appellantur.
511 808 610 842 citra
641 805 801 843 deserta
833 806 884 842 ab
915 819 1056 843 occasu
1087 806 1204 844 urbes
1236 820 1373 845 eorum

189 891 286 928 quas
315 878 500 922 diximus,
531 878 665 915 Issatis
694 884 735 915 et
763 878 956 926 Calliope,
977 879 1027 915 ab
1048 881 1203 916 oriente
1222 882 1372 917 aestivo

190 949 405 1001 Pyropum,
422 951 472 987 ab
490 950 655 987 hiberno
676 950 820 994 Maria,
836 954 877 988 in
892 951 1026 988 medio
1043 951 1372 1003 Hecatompylos,

190 1024 352 1067 Arsace,
408 1026 517 1073 regio
575 1024 732 1060 Nisiaea
791 1022 1038 1074 Partliyenes
1095 1024 1250 1068 nobilis,
1306 1025 1372 1062 ubi

189 1096 521 1146 Alexandropolis
540 1110 561 1132 a
581 1096 798 1133 conditore.

238 1169 514 1206 Necessarium
541 1175 602 1206 est
628 1168 701 1207 hoc
727 1172 765 1205 in
792 1169 876 1206 loco
901 1172 1061 1219 signare
1087 1175 1128 1207 et
1157 1169 1372 1208 Medorum

184 1245 304 1278 situm
327 1247 608 1292 terrarumque
630 1241 775 1278 faciem
798 1245 1072 1292 circumagere
1094 1242 1145 1279 ad
1170 1242 1371 1280 Persicum

185 1327 309 1359 mare.
336 1328 414 1365 quo
439 1314 593 1352 facilius
619 1315 712 1351 dein
738 1315 890 1365 reliqua
917 1321 1142 1352 noscantur.
1198 1328 1372 1366 namque

188 1386 326 1424 Media
350 1388 401 1424 ab
425 1400 566 1425 occasu
590 1393 816 1424 transversa
840 1387 1001 1438 oblique
1026 1387 1216 1425 Parthiae
1238 1402 1372 1426 occur-

185 1473 274 1496 rens
299 1466 470 1510 utraque
494 1473 617 1509 regna
641 1460 877 1510 praecludit.
934 1459 1057 1496 habet
1088 1473 1183 1511 ergo
1213 1463 1298 1510 ipsa
1320 1461 1372 1497 ab

184 1538 274 1569 ortu
308 1532 472 1582 Caspios
507 1540 547 1569 et
585 1532 765 1577 Parthos,
800 1546 822 1569 a
855 1533 1022 1569 meridie
1055 1532 1288 1570 Sittacenen
1329 1539 1371 1570 et

185 1604 379 1642 Susianen
400 1611 441 1642 et
463 1605 640 1649 Persida,
659 1605 710 1642 ab
730 1619 872 1643 occasu
894 1606 1147 1649 Adiabenen,
1168 1619 1191 1642 a
1210 1612 1371 1656 septen-

188 1681 318 1715 trione
357 1678 603 1714 Armeniam.
661 1677 807 1715 Persae
847 1677 1024 1715 Rubrum
1066 1691 1176 1715 mare
1213 1691 1372 1729 semper

185 1750 406 1794 accoluere,
438 1757 602 1800 propter
635 1751 740 1801 quod
774 1753 805 1787 is
837 1753 945 1787 sinus
980 1750 1159 1788 Persicus
1193 1757 1368 1788 vocatur.

187 1826 297 1873 regio
318 1824 370 1860 ibi
391 1826 592 1860 maritima
614 1822 851 1873 Cyropolis,l
873 1837 952 1874 qua
974 1836 1065 1860 vero
1085 1826 1170 1873 ipsa
1192 1824 1299 1861 subit
1319 1824 1371 1861 ad

188 1895 332 1933 Medos
351 1896 506 1932 Climax
526 1895 691 1946 Megale
706 1895 946 1946 appellatur,
963 1896 1068 1933 locus
1085 1896 1209 1933 arduo
1225 1899 1370 1933 montis

246 1984 258 2003 ยน
282 1984 481 2015 Hermolaus
496 1995 512 2015 e
530 1984 713 2015 Ptolemaeo
727 1996 734 2015 :
764 1983 889 2025 Cyribo
904 1988 962 2015 aut
978 1983 1163 2016 Ceribobus
1179 1988 1206 2015 ee
1221 1984 1303 2016 alia.

185 2057 256 2090 424
