1515 2351
120 245 180 277 123

122 955 183 984 124

122 1600 183 1630 125

403 135 593 172 PLINY:
646 135 911 172 NATURAL
948 133 1187 172 HISTORY

254 239 466 276 XXXVII.
500 238 709 275 variarum
729 241 876 275 artium
893 240 1062 275 seientia
1080 237 1390 275 innumerabiles

203 307 400 348 enituere,
414 316 512 353 quos
533 308 672 339 tamen
695 304 842 353 attingi
861 315 933 352 par
953 304 1004 339 sit
1025 301 1163 339 florem
1184 301 1390 339 hominum

203 368 443 405 libantibus:
460 367 673 417 astrologia
690 366 873 410 Berosus,
886 368 948 403 cui
968 367 1019 403 ob
1040 366 1192 403 divinas
1213 366 1391 416 praedie-

203 436 333 470 tiones
373 431 643 469 Athenienses
684 430 842 482 publice
883 433 924 467 in
962 433 1170 481 gymnasio
1212 436 1390 467 statuam

202 500 387 534 inaurata
420 496 557 546 lingua
589 501 792 539 statuere3
821 497 1085 545 grammatica
1113 494 1390 545 Apollodorus,

203 564 265 598 cui
331 559 649 611 Amphictyones
706 559 898 597 Graeciae
953 558 1144 596 honorem
1200 558 1391 603 habuere,

205 626 472 676 Hippocrates
505 624 718 669 medicina,
743 624 869 661 naml
900 627 1130 661 venientem
1162 624 1212 660 ab
1250 623 1392 674 Illyriis

203 690 478 741 pestilentiam
502 688 703 739 praedixit
724 688 1019 739 discipulosque
1046 688 1096 725 ad
1118 688 1390 725 auxiliandum

203 758 307 792 eirca
322 755 441 792 urbes
453 754 618 798 dimisit,
635 753 742 803 quod
757 753 809 790 ob
827 755 1017 790 meritum
1033 752 1202 790 honores
1223 752 1276 789 illi
1293 766 1391 803 quos

205 819 367 857 Herculi
419 818 598 856 decrevit
643 818 824 855 Graecia.
881 817 1053 854 eandem
1100 820 1311 854 scientiam
1352 819 1391 854 in

205 884 460 921 Cleombroto
518 882 599 920 Ceo
655 881 910 919 Ptolomaeus
959 895 1028 919 rex
1089 881 1392 933 B‘Iegalensibus

207 951 326 985 sacris
347 948 511 985 donavit
530 953 693 984 centum
710 946 873 983 talentis
890 952 1048 983 servato
1065 945 1264 983 Antiocho
1282 959 1388 997 rege.

204 1027 352 1063 magna
372 1018 414 1049 et
439 1011 644 1049 Critobulo
671 1011 779 1048 fama
801 1017 863 1048 est
889 1016 1074 1048 extracta
1095 1009 1265 1062 Philippi
1287 1013 1392 1062 regis

204 1077 317 1115 oculo
330 1079 481 1127 sagitta
494 1082 536 1114 et
548 1079 648 1113 citra
661 1076 962 1113 deformitatem
975 1078 1052 1112 oris
1065 1081 1204 1112 curata
1217 1076 1390 1113 orbitate

206 1142 377 1186 luminis,
403 1155 558 1178 summa
584 1146 722 1178 autem
750 1140 978 1191 Asclepiadi
1005 1139 1204 1177 Prusiensi
1230 1140 1393 1178 condita

205 1220 307 1244 nova
326 1212 450 1250 secta,
469 1208 613 1256 spretis
633 1205 777 1255 legatis
797 1211 839 1242 et
858 1205 1212 1255 pollicitationibus
1234 1204 1392 1241 Mithri-

204 1271 309 1308 datis
323 1273 442 1322 regis,
456 1276 618 1321 reperta
633 1272 787 1307 ratione
803 1283 882 1320 qua
898 1272 1032 1306 vinum
1047 1271 1177 1320 aegris
1193 1269 1388 1317 medetur,

205 1336 332 1373 relato
361 1349 382 1373 e
412 1335 552 1372 funere
581 1334 742 1371 homine
772 1340 813 1371 et
841 1340 1090 1379 conservato,
1119 1334 1190 1371 sed
1218 1336 1392 1371 maxime

205 1403 416 1451 sponsione
444 1399 551 1437 facta
576 1413 667 1437 cum
693 1398 854 1436 fortuna
880 1412 930 1436 ne
957 1398 1135 1436 medicus
1161 1398 1393 1436 crederetur

206 1468 237 1501 si
258 1478 450 1515 umquam
471 1464 666 1501 invalidus
689 1463 767 1501 ullo
789 1463 907 1501 modo
929 1463 1070 1501 fuisset
1092 1466 1199 1514 ipse:
1235 1469 1277 1501 et
1300 1465 1393 1500 vicit

205 1543 391 1581 suprema
415 1532 455 1566 in
478 1535 643 1567 senecta
667 1528 780 1579 lapsu
803 1528 998 1565 scalarum
1023 1530 1289 1565 exanimatus.

259 1594 421 1632 Grande
452 1599 494 1631 et
523 1592 754 1631 Archimedi
785 1595 1055 1644 geometricae
1086 1606 1132 1630 ac
1161 1591 1393 1630 machinalis

208 1661 400 1696 scientiae
417 1660 693 1696 testimonium
712 1657 769 1694 M.
790 1656 972 1695 Marcelli
991 1659 1163 1708 contigit
1178 1657 1393 1695 interdicto

204 1737 294 1761 cum
325 1723 544 1774 Syracusae
574 1728 816 1773 caperentur
846 1735 896 1759 ne
927 1721 1143 1759 violaretur
1174 1735 1290 1767 unus,
1319 1724 1391 1759 nisi

574 1792 585 1811 ¹
610 1792 799 1833 Deelesscn:
822 1791 1039 1823 medicinam.

205 1910 223 1931 ⁸)
245 1871 258 1885 ‘²
282 1865 470 1929 Atntiochus
497 1864 605 1901 Soter,
631 1864 755 1897 second
780 1865 819 1896 of
841 1864 898 1896 the
924 1863 1077 1896 Soleueid
1101 1864 1209 1906 Kings
1232 1864 1271 1896 of
1292 1864 1391 1905 Syria

205 1909 362 1983 ..897ng
372 1918 527 1983 alzccident
540 1951 719 1992 happened
732 1955 769 1982 to
783 1950 894 1991 Philip
905 1950 944 1982 of
951 1950 1117 1982 Macedon
1129 1954 1166 1982 at
1183 1950 1241 1982 the
1256 1951 1345 1992 siege
1357 1951 1397 1983 of

204 1994 375 2030 Methone,
392 1997 457 2027 354
476 2003 540 2025 13.o.

204 2056 274 2104 588
