<?xml version="1.0" encoding="UTF-8"?>
<!DOCTYPE html PUBLIC "-//W3C//DTD XHTML 1.0 Transitional//EN"
    "http://www.w3.org/TR/xhtml1/DTD/xhtml1-transitional.dtd">
<html xmlns="http://www.w3.org/1999/xhtml" xml:lang="en" lang="en">
 <head>
  <title>
</title>
<meta http-equiv="Content-Type" content="text/html;charset=utf-8" />
  <meta name='ocr-system' content='tesseract 3.04.00' />
  <meta name='ocr-capabilities' content='ocr_page ocr_carea ocr_par ocr_line ocrx_word'/>
</head>
<body>
  <div class='ocr_page' id='page_1' title='image "./naturalhistory02plinuoft/naturalhistory02plinuoft_0558.png"; bbox 0 0 1515 2351; ppageno 0'>
   <div class='ocr_carea' id='block_1_1' title="bbox 139 548 182 577">
    <p class='ocr_par' dir='ltr' id='par_1_1' title="bbox 139 548 182 577">
     <span class='ocr_line' id='line_1_1' title="bbox 139 548 182 577; baseline 0.047 -2"><span class='ocrx_word' id='word_1_1' title='bbox 139 548 182 577; x_wconf 86' lang='lat'>55</span> 
     </span>
    </p>
   </div>
   <div class='ocr_carea' id='block_1_2' title="bbox 137 1192 180 1222">
    <p class='ocr_par' dir='ltr' id='par_1_2' title="bbox 137 1192 180 1222">
     <span class='ocr_line' id='line_1_2' title="bbox 137 1192 180 1222; baseline 0 0"><span class='ocrx_word' id='word_1_2' title='bbox 137 1192 180 1222; x_wconf 76' lang='lat'>50</span> 
     </span>
    </p>
   </div>
   <div class='ocr_carea' id='block_1_3' title="bbox 415 145 1197 185">
    <p class='ocr_par' dir='ltr' id='par_1_3' title="bbox 415 145 1197 185">
     <span class='ocr_line' id='line_1_3' title="bbox 415 145 1197 185; baseline 0.003 -2"><span class='ocrx_word' id='word_1_3' title='bbox 415 146 583 184; x_wconf 85' lang='lat' dir='ltr'>PLINY</span> <span class='ocrx_word' id='word_1_4' title='bbox 597 159 606 184; x_wconf 78' lang='lat' dir='ltr'><strong><em>z</em></strong></span> <span class='ocrx_word' id='word_1_5' title='bbox 657 146 923 184; x_wconf 87' lang='lat' dir='ltr'>NATURAL</span> <span class='ocrx_word' id='word_1_6' title='bbox 959 145 1197 185; x_wconf 89' lang='lat' dir='ltr'>HISTORY</span> 
     </span>
    </p>
   </div>
   <div class='ocr_carea' id='block_1_4' title="bbox 203 248 1397 1702">
    <p class='ocr_par' dir='ltr' id='par_1_4' title="bbox 203 248 1397 1702">
     <span class='ocr_line' id='line_1_4' title="bbox 210 248 1397 300; baseline 0 -14"><span class='ocrx_word' id='word_1_7' title='bbox 210 251 472 300; x_wconf 81' lang='lat' dir='ltr'>negotiatoris</span> <span class='ocrx_word' id='word_1_8' title='bbox 497 249 573 286; x_wconf 74' lang='lat' dir='ltr'>vile</span> <span class='ocrx_word' id='word_1_9' title='bbox 599 251 855 299; x_wconf 87' lang='lat' dir='ltr'><strong>mancipium.</strong></span> <span class='ocrx_word' id='word_1_10' title='bbox 910 248 1091 287; x_wconf 86' lang='lat' dir='ltr'>eiusdem</span> <span class='ocrx_word' id='word_1_11' title='bbox 1115 248 1291 286; x_wconf 88' lang='lat' dir='ltr'>familiae</span> <span class='ocrx_word' id='word_1_12' title='bbox 1316 248 1397 286; x_wconf 91' lang='lat' dir='ltr'>Sci-</span> 
     </span>
     <span class='ocr_line' id='line_1_5' title="bbox 209 306 1396 358; baseline 0 -14"><span class='ocrx_word' id='word_1_13' title='bbox 209 310 315 358; x_wconf 86' lang='lat' dir='ltr'>pioni</span> <span class='ocrx_word' id='word_1_14' title='bbox 347 313 439 358; x_wconf 84' lang='lat' dir='ltr'>post</span> <span class='ocrx_word' id='word_1_15' title='bbox 471 321 563 345; x_wconf 91' lang='lat' dir='ltr'>eum</span> <span class='ocrx_word' id='word_1_16' title='bbox 595 321 742 345; x_wconf 90' lang='lat' dir='ltr'>nomen</span> <span class='ocrx_word' id='word_1_17' title='bbox 773 306 927 345; x_wconf 90' lang='lat' dir='ltr'>Salutio</span> <span class='ocrx_word' id='word_1_18' title='bbox 957 310 1102 344; x_wconf 86' lang='lat' dir='ltr'>mimus</span> <span class='ocrx_word' id='word_1_19' title='bbox 1134 307 1262 352; x_wconf 84' lang='lat' dir='ltr'><strong>dedit,</strong></span> <span class='ocrx_word' id='word_1_20' title='bbox 1293 309 1396 345; x_wconf 88' lang='lat' dir='ltr'>sicut</span> 
     </span>
     <span class='ocr_line' id='line_1_6' title="bbox 210 364 1395 416; baseline 0 -13"><span class='ocrx_word' id='word_1_21' title='bbox 210 365 400 416; x_wconf 80' lang='lat' dir='ltr'>Spinther</span> <span class='ocrx_word' id='word_1_22' title='bbox 423 366 680 403; x_wconf 88' lang='lat' dir='ltr'>secundarius</span> <span class='ocrx_word' id='word_1_23' title='bbox 706 366 1025 416; x_wconf 81' lang='lat' dir='ltr'>tertiariusque,1</span> <span class='ocrx_word' id='word_1_24' title='bbox 1058 364 1288 416; x_wconf 87' lang='lat' dir='ltr'>Pamphilus</span> <span class='ocrx_word' id='word_1_25' title='bbox 1319 365 1395 403; x_wconf 91' lang='lat' dir='ltr'>col-</span> 
     </span>
     <span class='ocr_line' id='line_1_7' title="bbox 208 424 1394 475; baseline -0.001 -13"><span class='ocrx_word' id='word_1_26' title='bbox 208 424 313 475; x_wconf 87' lang='lat' dir='ltr'>legio</span> <span class='ocrx_word' id='word_1_27' title='bbox 340 425 502 462; x_wconf 82' lang='lat' dir='ltr'><strong>Lentuli</strong></span> <span class='ocrx_word' id='word_1_28' title='bbox 529 431 570 461; x_wconf 91' lang='lat' dir='ltr'>et</span> <span class='ocrx_word' id='word_1_29' title='bbox 599 424 757 462; x_wconf 77' lang='lat' dir='ltr'>Metelli</span> <span class='ocrx_word' id='word_1_30' title='bbox 783 424 1004 469; x_wconf 92' lang='lat' dir='ltr'>consulum,</span> <span class='ocrx_word' id='word_1_31' title='bbox 1028 427 1069 461; x_wconf 89' lang='lat' dir='ltr'>in</span> <span class='ocrx_word' id='word_1_32' title='bbox 1095 438 1174 475; x_wconf 92' lang='lat' dir='ltr'>quo</span> <span class='ocrx_word' id='word_1_33' title='bbox 1198 437 1394 475; x_wconf 86' lang='lat' dir='ltr'>perquam</span> 
     </span>
     <span class='ocr_line' id='line_1_8' title="bbox 209 482 1394 534; baseline 0 -14"><span class='ocrx_word' id='word_1_34' title='bbox 209 486 422 533; x_wconf 80' lang='lat' dir='ltr'>inportune</span> <span class='ocrx_word' id='word_1_35' title='bbox 448 482 660 520; x_wconf 88' lang='lat' dir='ltr'>fortuitum</span> <span class='ocrx_word' id='word_1_36' title='bbox 684 482 758 520; x_wconf 93' lang='lat' dir='ltr'>hoc</span> <span class='ocrx_word' id='word_1_37' title='bbox 784 496 944 534; x_wconf 91' lang='lat' dir='ltr'>quoque</span> <span class='ocrx_word' id='word_1_38' title='bbox 969 482 1060 528; x_wconf 84' lang='lat' dir='ltr'>fuit,</span> <span class='ocrx_word' id='word_1_39' title='bbox 1085 483 1255 520; x_wconf 91' lang='lat' dir='ltr'>duorum</span> <span class='ocrx_word' id='word_1_40' title='bbox 1279 483 1394 520; x_wconf 90' lang='lat' dir='ltr'>simul</span> 
     </span>
     <span class='ocr_line' id='line_1_9' title="bbox 206 541 1393 593; baseline -0.001 -14"><span class='ocrx_word' id='word_1_41' title='bbox 206 542 413 579; x_wconf 86' lang='lat' dir='ltr'>consulum</span> <span class='ocrx_word' id='word_1_42' title='bbox 446 544 486 579; x_wconf 88' lang='lat' dir='ltr'>in</span> <span class='ocrx_word' id='word_1_43' title='bbox 519 555 666 579; x_wconf 83' lang='lat' dir='ltr'>scaena</span> <span class='ocrx_word' id='word_1_44' title='bbox 698 544 893 593; x_wconf 85' lang='lat' dir='ltr'>imagines</span> <span class='ocrx_word' id='word_1_45' title='bbox 926 544 1046 579; x_wconf 92' lang='lat' dir='ltr'>cerni.</span> <span class='ocrx_word' id='word_1_46' title='bbox 1102 555 1124 579; x_wconf 92' lang='lat' dir='ltr'>e</span> <span class='ocrx_word' id='word_1_47' title='bbox 1157 541 1313 579; x_wconf 87' lang='lat' dir='ltr'>diverso</span> <span class='ocrx_word' id='word_1_48' title='bbox 1349 541 1393 578; x_wconf 92' lang='lat' dir='ltr'>L.</span> 
     </span>
     <span class='ocr_line' id='line_1_10' title="bbox 209 599 1395 651; baseline 0.001 -14"><span class='ocrx_word' id='word_1_49' title='bbox 209 599 378 638; x_wconf 85' lang='lat' dir='ltr'>Plancus</span> <span class='ocrx_word' id='word_1_50' title='bbox 406 606 539 638; x_wconf 86' lang='lat' dir='ltr'>orator</span> <span class='ocrx_word' id='word_1_51' title='bbox 567 599 748 637; x_wconf 88' lang='lat' dir='ltr'>histrioni</span> <span class='ocrx_word' id='word_1_52' title='bbox 777 600 927 637; x_wconf 88' lang='lat' dir='ltr'>Rubrio</span> <span class='ocrx_word' id='word_1_53' title='bbox 955 613 1178 651; x_wconf 88' lang='lat' dir='ltr'>cognomen</span> <span class='ocrx_word' id='word_1_54' title='bbox 1206 602 1395 650; x_wconf 84' lang='lat' dir='ltr'>inposuit,</span> 
     </span>
     <span class='ocr_line' id='line_1_11' title="bbox 207 658 1395 709; baseline 0 -13"><span class='ocrx_word' id='word_1_55' title='bbox 207 673 341 697; x_wconf 91' lang='lat' dir='ltr'>rursus</span> <span class='ocrx_word' id='word_1_56' title='bbox 373 659 532 697; x_wconf 92' lang='lat' dir='ltr'>Curioni</span> <span class='ocrx_word' id='word_1_57' title='bbox 563 662 668 709; x_wconf 86' lang='lat' dir='ltr'>patri</span> <span class='ocrx_word' id='word_1_58' title='bbox 698 659 951 704; x_wconf 80' lang='lat' dir='ltr'>Burbuleius,</span> <span class='ocrx_word' id='word_1_59' title='bbox 981 662 1161 709; x_wconf 87' lang='lat' dir='ltr'>itemque</span> <span class='ocrx_word' id='word_1_60' title='bbox 1194 658 1395 696; x_wconf 85' lang='lat' dir='ltr'>Messalae</span> 
     </span>
     <span class='ocr_line' id='line_1_12' title="bbox 207 717 1395 768; baseline 0 -13"><span class='ocrx_word' id='word_1_61' title='bbox 207 721 386 755; x_wconf 88' lang='lat' dir='ltr'>censorio</span> <span class='ocrx_word' id='word_1_62' title='bbox 444 717 710 768; x_wconf 85' lang='lat' dir='ltr'>Menogenes,</span> <span class='ocrx_word' id='word_1_63' title='bbox 766 718 933 768; x_wconf 85' lang='lat' dir='ltr'>perinde</span> <span class='ocrx_word' id='word_1_64' title='bbox 991 717 1216 755; x_wconf 85' lang='lat' dir='ltr'>histriones.</span> <span class='ocrx_word' id='word_1_65' title='bbox 1271 717 1395 755; x_wconf 79' lang='lat' dir='ltr'>Surae</span> 
     </span>
     <span class='ocr_line' id='line_1_13' title="bbox 207 776 1396 827; baseline 0 -13"><span class='ocrx_word' id='word_1_66' title='bbox 207 777 370 827; x_wconf 81' lang='lat' dir='ltr'>quidem</span> <span class='ocrx_word' id='word_1_67' title='bbox 385 777 628 827; x_wconf 86' lang='lat' dir='ltr'>proconsulis</span> <span class='ocrx_word' id='word_1_68' title='bbox 645 779 769 814; x_wconf 85' lang='lat' dir='ltr'>etiam</span> <span class='ocrx_word' id='word_1_69' title='bbox 784 779 929 813; x_wconf 91' lang='lat' dir='ltr'>rictum</span> <span class='ocrx_word' id='word_1_70' title='bbox 945 779 984 813; x_wconf 88' lang='lat' dir='ltr'>in</span> <span class='ocrx_word' id='word_1_71' title='bbox 1000 776 1201 826; x_wconf 91' lang='lat' dir='ltr'>loquendo</span> <span class='ocrx_word' id='word_1_72' title='bbox 1215 782 1396 814; x_wconf 84' lang='lat' dir='ltr'>contrac-</span> 
     </span>
     <span class='ocr_line' id='line_1_14' title="bbox 207 835 1395 886; baseline 0 -14"><span class='ocrx_word' id='word_1_73' title='bbox 207 838 441 886; x_wconf 88' lang='lat' dir='ltr'>tionemque</span> <span class='ocrx_word' id='word_1_74' title='bbox 490 835 651 886; x_wconf 83' lang='lat' dir='ltr'>linguae</span> <span class='ocrx_word' id='word_1_75' title='bbox 701 841 744 873; x_wconf 87' lang='lat' dir='ltr'>et</span> <span class='ocrx_word' id='word_1_76' title='bbox 791 838 984 872; x_wconf 89' lang='lat' dir='ltr'>sermonis</span> <span class='ocrx_word' id='word_1_77' title='bbox 1033 835 1268 880; x_wconf 89' lang='lat' dir='ltr'>tumultum,</span> <span class='ocrx_word' id='word_1_78' title='bbox 1316 848 1395 872; x_wconf 90' lang='lat' dir='ltr'>non</span> 
     </span>
     <span class='ocr_line' id='line_1_15' title="bbox 206 893 1394 945; baseline -0.001 -14"><span class='ocrx_word' id='word_1_79' title='bbox 206 897 423 945; x_wconf 86' lang='lat' dir='ltr'>imaginem</span> <span class='ocrx_word' id='word_1_80' title='bbox 447 894 580 938; x_wconf 85' lang='lat' dir='ltr'>modo,</span> <span class='ocrx_word' id='word_1_81' title='bbox 602 896 776 944; x_wconf 86' lang='lat' dir='ltr'>piscator</span> <span class='ocrx_word' id='word_1_82' title='bbox 800 894 963 944; x_wconf 88' lang='lat' dir='ltr'>quidam</span> <span class='ocrx_word' id='word_1_83' title='bbox 987 896 1026 930; x_wconf 92' lang='lat' dir='ltr'>in</span> <span class='ocrx_word' id='word_1_84' title='bbox 1051 893 1182 931; x_wconf 87' lang='lat' dir='ltr'>Sicilia</span> <span class='ocrx_word' id='word_1_85' title='bbox 1205 893 1394 931; x_wconf 84' lang='lat' dir='ltr'>reddidit.</span> 
     </span>
     <span class='ocr_line' id='line_1_16' title="bbox 207 952 1396 990; baseline 0 0"><span class='ocrx_word' id='word_1_86' title='bbox 207 952 342 990; x_wconf 88' lang='lat' dir='ltr'>Cassio</span> <span class='ocrx_word' id='word_1_87' title='bbox 356 952 502 990; x_wconf 80' lang='lat' dir='ltr'>Severo</span> <span class='ocrx_word' id='word_1_88' title='bbox 519 953 666 990; x_wconf 86' lang='lat' dir='ltr'>celebri</span> <span class='ocrx_word' id='word_1_89' title='bbox 680 955 827 989; x_wconf 85' lang='lat' dir='ltr'>oratori</span> <span class='ocrx_word' id='word_1_90' title='bbox 845 954 1087 989; x_wconf 87' lang='lat' dir='ltr'>Armentarii</span> <span class='ocrx_word' id='word_1_91' title='bbox 1108 953 1367 990; x_wconf 85' lang='lat' dir='ltr'>murmillonis</span> <span class='ocrx_word' id='word_1_92' title='bbox 1380 952 1396 976; x_wconf 80' lang='lat'>²</span> 
     </span>
     <span class='ocr_line' id='line_1_17' title="bbox 207 1011 1395 1049; baseline 0.001 -1"><span class='ocrx_word' id='word_1_93' title='bbox 207 1012 365 1048; x_wconf 86' lang='lat' dir='ltr'>obiecta</span> <span class='ocrx_word' id='word_1_94' title='bbox 405 1012 623 1048; x_wconf 84' lang='lat' dir='ltr'>similitudo</span> <span class='ocrx_word' id='word_1_95' title='bbox 665 1017 739 1048; x_wconf 88' lang='lat' dir='ltr'>est.</span> <span class='ocrx_word' id='word_1_96' title='bbox 795 1011 914 1048; x_wconf 91' lang='lat' dir='ltr'>modo</span> <span class='ocrx_word' id='word_1_97' title='bbox 954 1014 994 1047; x_wconf 95' lang='lat' dir='ltr'>in</span> <span class='ocrx_word' id='word_1_98' title='bbox 1037 1011 1237 1048; x_wconf 81' lang='lat' dir='ltr'>Annaea³</span> <span class='ocrx_word' id='word_1_99' title='bbox 1277 1011 1395 1049; x_wconf 90' lang='lat' dir='ltr'>domo</span> 
     </span>
     <span class='ocr_line' id='line_1_18' title="bbox 207 1069 1394 1114; baseline 0.001 -8"><span class='ocrx_word' id='word_1_100' title='bbox 207 1069 431 1107; x_wconf 88' lang='lat' dir='ltr'>Gallionem</span> <span class='ocrx_word' id='word_1_101' title='bbox 470 1084 493 1106; x_wconf 85' lang='lat' dir='ltr'>a</span> <span class='ocrx_word' id='word_1_102' title='bbox 531 1070 759 1107; x_wconf 85' lang='lat' dir='ltr'>Castellano</span> <span class='ocrx_word' id='word_1_103' title='bbox 797 1070 942 1107; x_wconf 83' lang='lat' dir='ltr'>liberto</span> <span class='ocrx_word' id='word_1_104' title='bbox 980 1083 1058 1107; x_wconf 93' lang='lat' dir='ltr'>non</span> <span class='ocrx_word' id='word_1_105' title='bbox 1097 1070 1394 1114; x_wconf 89' lang='lat' dir='ltr'>discernebant,</span> 
     </span>
     <span class='ocr_line' id='line_1_19' title="bbox 206 1127 1394 1180; baseline 0 -15"><span class='ocrx_word' id='word_1_106' title='bbox 206 1142 279 1166; x_wconf 88' lang='lat' dir='ltr'>nec</span> <span class='ocrx_word' id='word_1_107' title='bbox 301 1142 324 1165; x_wconf 85' lang='lat' dir='ltr'>a</span> <span class='ocrx_word' id='word_1_108' title='bbox 344 1128 490 1165; x_wconf 87' lang='lat' dir='ltr'>Sannio</span> <span class='ocrx_word' id='word_1_109' title='bbox 513 1131 634 1166; x_wconf 88' lang='lat' dir='ltr'>mimo</span> <span class='ocrx_word' id='word_1_110' title='bbox 657 1127 800 1166; x_wconf 88' lang='lat' dir='ltr'>Paride</span> <span class='ocrx_word' id='word_1_111' title='bbox 820 1131 1104 1180; x_wconf 88' lang='lat' dir='ltr'>cognominato</span> <span class='ocrx_word' id='word_1_112' title='bbox 1127 1130 1394 1180; x_wconf 82' lang='lat' dir='ltr'>Agrippinum</span> 
     </span>
     <span class='ocr_line' id='line_1_20' title="bbox 203 1187 1392 1238; baseline 0 -14"><span class='ocrx_word' id='word_1_113' title='bbox 203 1193 443 1225; x_wconf 86' lang='lat' dir='ltr'>senatorem.</span> <span class='ocrx_word' id='word_1_114' title='bbox 498 1187 691 1224; x_wconf 85' lang='lat' dir='ltr'>Toranius</span> <span class='ocrx_word' id='word_1_115' title='bbox 713 1201 860 1238; x_wconf 87' lang='lat' dir='ltr'>mango</span> <span class='ocrx_word' id='word_1_116' title='bbox 882 1188 1061 1224; x_wconf 84' lang='lat' dir='ltr'>Antonio</span> <span class='ocrx_word' id='word_1_117' title='bbox 1083 1190 1162 1224; x_wconf 88' lang='lat' dir='ltr'>iam</span> <span class='ocrx_word' id='word_1_118' title='bbox 1186 1190 1392 1225; x_wconf 82' lang='lat' dir='ltr'>triumviro</span> 
     </span>
     <span class='ocr_line' id='line_1_21' title="bbox 205 1245 1394 1297; baseline 0 -14"><span class='ocrx_word' id='word_1_119' title='bbox 205 1246 304 1283; x_wconf 86' lang='lat' dir='ltr'>duos</span> <span class='ocrx_word' id='word_1_120' title='bbox 323 1247 338 1270; x_wconf 87' lang='lat'>‘¹</span> <span class='ocrx_word' id='word_1_121' title='bbox 355 1249 522 1283; x_wconf 82' lang='lat' dir='ltr'>eximios</span> <span class='ocrx_word' id='word_1_122' title='bbox 539 1245 666 1283; x_wconf 87' lang='lat' dir='ltr'>forma</span> <span class='ocrx_word' id='word_1_123' title='bbox 681 1259 840 1296; x_wconf 88' lang='lat' dir='ltr'>pueros,</span> <span class='ocrx_word' id='word_1_124' title='bbox 856 1246 1028 1283; x_wconf 87' lang='lat' dir='ltr'>alterum</span> <span class='ocrx_word' id='word_1_125' title='bbox 1044 1249 1083 1282; x_wconf 89' lang='lat' dir='ltr'>in</span> <span class='ocrx_word' id='word_1_126' title='bbox 1101 1247 1196 1283; x_wconf 75' lang='lat' dir='ltr'>Asia</span> <span class='ocrx_word' id='word_1_127' title='bbox 1211 1248 1394 1297; x_wconf 88' lang='lat' dir='ltr'>genitum</span> 
     </span>
     <span class='ocr_line' id='line_1_22' title="bbox 206 1304 1394 1356; baseline 0.001 -15"><span class='ocrx_word' id='word_1_128' title='bbox 206 1304 378 1342; x_wconf 89' lang='lat' dir='ltr'>alterum</span> <span class='ocrx_word' id='word_1_129' title='bbox 412 1311 522 1342; x_wconf 84' lang='lat' dir='ltr'>trans</span> <span class='ocrx_word' id='word_1_130' title='bbox 558 1305 696 1355; x_wconf 82' lang='lat' dir='ltr'>AlpeS‚</span> <span class='ocrx_word' id='word_1_131' title='bbox 731 1311 776 1342; x_wconf 87' lang='lat' dir='ltr'>ut</span> <span class='ocrx_word' id='word_1_132' title='bbox 810 1307 991 1356; x_wconf 87' lang='lat' dir='ltr'>geminos</span> <span class='ocrx_word' id='word_1_133' title='bbox 1026 1305 1230 1342; x_wconf 85' lang='lat' dir='ltr'>vendidit:</span> <span class='ocrx_word' id='word_1_134' title='bbox 1278 1310 1394 1342; x_wconf 87' lang='lat' dir='ltr'>tanta</span> 
     </span>
     <span class='ocr_line' id='line_1_23' title="bbox 206 1363 1393 1414; baseline 0.002 -15"><span class='ocrx_word' id='word_1_135' title='bbox 206 1366 338 1400; x_wconf 84' lang='lat' dir='ltr'>unitas</span> <span class='ocrx_word' id='word_1_136' title='bbox 378 1370 476 1401; x_wconf 87' lang='lat' dir='ltr'>erat.</span> <span class='ocrx_word' id='word_1_137' title='bbox 519 1370 733 1414; x_wconf 90' lang='lat' dir='ltr'>postquam</span> <span class='ocrx_word' id='word_1_138' title='bbox 771 1363 918 1401; x_wconf 90' lang='lat' dir='ltr'>deinde</span> <span class='ocrx_word' id='word_1_139' title='bbox 957 1377 1141 1401; x_wconf 88' lang='lat' dir='ltr'>sermone</span> <span class='ocrx_word' id='word_1_140' title='bbox 1179 1377 1393 1414; x_wconf 86' lang='lat' dir='ltr'>puerorum</span> 
     </span>
     <span class='ocr_line' id='line_1_24' title="bbox 206 1421 1393 1472; baseline 0 -13"><span class='ocrx_word' id='word_1_141' title='bbox 206 1421 370 1459; x_wconf 86' lang='lat' dir='ltr'>detecta</span> <span class='ocrx_word' id='word_1_142' title='bbox 407 1422 548 1459; x_wconf 90' lang='lat' dir='ltr'>fraude</span> <span class='ocrx_word' id='word_1_143' title='bbox 587 1435 610 1459; x_wconf 89' lang='lat' dir='ltr'>a</span> <span class='ocrx_word' id='word_1_144' title='bbox 647 1421 807 1459; x_wconf 70' lang='lat' dir='ltr'>furente</span> <span class='ocrx_word' id='word_1_145' title='bbox 845 1425 1064 1472; x_wconf 88' lang='lat' dir='ltr'>increpitus</span> <span class='ocrx_word' id='word_1_146' title='bbox 1102 1423 1280 1459; x_wconf 88' lang='lat' dir='ltr'>Antonio</span> <span class='ocrx_word' id='word_1_147' title='bbox 1317 1428 1393 1467; x_wconf 86' lang='lat' dir='ltr'>est,</span> 
     </span>
     <span class='ocr_line' id='line_1_25' title="bbox 206 1481 1393 1531; baseline 0.002 -15"><span class='ocrx_word' id='word_1_148' title='bbox 206 1483 310 1517; x_wconf 83' lang='lat' dir='ltr'>inter</span> <span class='ocrx_word' id='word_1_149' title='bbox 349 1481 426 1517; x_wconf 83' lang='lat' dir='ltr'>alia</span> <span class='ocrx_word' id='word_1_150' title='bbox 464 1481 787 1531; x_wconf 81' lang='lat' dir='ltr'>magnitudinem</span> <span class='ocrx_word' id='word_1_151' title='bbox 826 1483 931 1531; x_wconf 88' lang='lat' dir='ltr'>preti</span> <span class='ocrx_word' id='word_1_152' title='bbox 970 1486 1244 1531; x_wconf 84' lang='lat' dir='ltr'>conquerente</span> <span class='ocrx_word' id='word_1_153' title='bbox 1283 1481 1393 1531; x_wconf 84' lang='lat' dir='ltr'>(nam</span> 
     </span>
     <span class='ocr_line' id='line_1_26' title="bbox 205 1539 1393 1590; baseline 0.002 -15"><span class='ocrx_word' id='word_1_154' title='bbox 205 1539 388 1576; x_wconf 78' lang='lat' dir='ltr'>ducentis</span> <span class='ocrx_word' id='word_1_155' title='bbox 409 1545 496 1576; x_wconf 87' lang='lat' dir='ltr'>crat</span> <span class='ocrx_word' id='word_1_156' title='bbox 516 1545 716 1577; x_wconf 86' lang='lat' dir='ltr'>mercatus</span> <span class='ocrx_word' id='word_1_157' title='bbox 737 1540 963 1589; x_wconf 84' lang='lat' dir='ltr'>sestertiis),</span> <span class='ocrx_word' id='word_1_158' title='bbox 983 1540 1191 1590; x_wconf 83' lang='lat' dir='ltr'>respondit</span> <span class='ocrx_word' id='word_1_159' title='bbox 1209 1545 1393 1577; x_wconf 85' lang='lat' dir='ltr'>versutus</span> 
     </span>
     <span class='ocr_line' id='line_1_27' title="bbox 203 1598 1392 1649; baseline 0.001 -15"><span class='ocrx_word' id='word_1_160' title='bbox 203 1600 353 1648; x_wconf 89' lang='lat' dir='ltr'>ingenii</span> <span class='ocrx_word' id='word_1_161' title='bbox 374 1611 520 1649; x_wconf 87' lang='lat' dir='ltr'>mango</span> <span class='ocrx_word' id='word_1_162' title='bbox 541 1598 581 1635; x_wconf 91' lang='lat' dir='ltr'>id</span> <span class='ocrx_word' id='word_1_163' title='bbox 602 1601 731 1649; x_wconf 87' lang='lat' dir='ltr'>ipsum</span> <span class='ocrx_word' id='word_1_164' title='bbox 751 1611 794 1635; x_wconf 90' lang='lat' dir='ltr'>se</span> <span class='ocrx_word' id='word_1_165' title='bbox 816 1601 918 1635; x_wconf 82' lang='lat' dir='ltr'>tanti</span> <span class='ocrx_word' id='word_1_166' title='bbox 941 1598 1182 1643; x_wconf 85' lang='lat' dir='ltr'>vendidisse,</span> <span class='ocrx_word' id='word_1_167' title='bbox 1203 1600 1392 1649; x_wconf 88' lang='lat' dir='ltr'>quoniam</span> 
     </span>
     <span class='ocr_line' id='line_1_28' title="bbox 204 1656 1392 1702; baseline 0.001 -9"><span class='ocrx_word' id='word_1_168' title='bbox 204 1669 283 1693; x_wconf 91' lang='lat' dir='ltr'>non</span> <span class='ocrx_word' id='word_1_169' title='bbox 302 1662 409 1693; x_wconf 88' lang='lat' dir='ltr'>esset</span> <span class='ocrx_word' id='word_1_170' title='bbox 429 1659 528 1693; x_wconf 87' lang='lat' dir='ltr'>mira</span> <span class='ocrx_word' id='word_1_171' title='bbox 548 1656 766 1693; x_wconf 88' lang='lat' dir='ltr'>similitudo</span> <span class='ocrx_word' id='word_1_172' title='bbox 787 1659 827 1693; x_wconf 91' lang='lat' dir='ltr'>in</span> <span class='ocrx_word' id='word_1_173' title='bbox 848 1657 935 1693; x_wconf 84' lang='lat' dir='ltr'>ullis</span> <span class='ocrx_word' id='word_1_174' title='bbox 956 1657 1101 1694; x_wconf 88' lang='lat' dir='ltr'>eodem</span> <span class='ocrx_word' id='word_1_175' title='bbox 1122 1663 1237 1694; x_wconf 88' lang='lat' dir='ltr'>utero</span> <span class='ocrx_word' id='word_1_176' title='bbox 1257 1656 1392 1702; x_wconf 87' lang='lat' dir='ltr'>editis,</span> 
     </span>
    </p>
   </div>
   <div class='ocr_carea' id='block_1_5' title="bbox 474 1745 1128 1786">
    <p class='ocr_par' dir='ltr' id='par_1_5' title="bbox 474 1745 1128 1786">
     <span class='ocr_line' id='line_1_29' title="bbox 474 1745 1128 1786; baseline 0 -10"><span class='ocrx_word' id='word_1_177' title='bbox 474 1745 485 1764; x_wconf 87' lang='lat'>²</span> <span class='ocrx_word' id='word_1_178' title='bbox 515 1745 608 1784; x_wconf 77' lang='lat' dir='ltr'>Vulq.</span> <span class='ocrx_word' id='word_1_179' title='bbox 625 1745 852 1776; x_wconf 75' lang='lat' dir='ltr'>secundarum</span> <span class='ocrx_word' id='word_1_180' title='bbox 870 1747 1128 1786; x_wconf 76' lang='lat' dir='ltr'>tertiarumque.</span> 
     </span>
    </p>
   </div>
   <div class='ocr_carea' id='block_1_6' title="bbox 469 1787 1027 1906">
    <p class='ocr_par' dir='ltr' id='par_1_6' title="bbox 469 1787 1027 1906">
     <span class='ocr_line' id='line_1_30' title="bbox 469 1787 1027 1820; baseline 0 -1"><span class='ocrx_word' id='word_1_181' title='bbox 469 1788 482 1807; x_wconf 85' lang='lat'><strong>¹</strong></span> <span class='ocrx_word' id='word_1_182' title='bbox 513 1787 567 1819; x_wconf 82' lang='lat' dir='ltr'>Vel</span> <span class='ocrx_word' id='word_1_183' title='bbox 579 1789 777 1820; x_wconf 80' lang='lat' dir='ltr'>arment-arii</span> <span class='ocrx_word' id='word_1_184' title='bbox 789 1788 1027 1820; x_wconf 79' lang='lat' dir='ltr'>Murmillonis.</span> 
     </span>
     <span class='ocr_line' id='line_1_31' title="bbox 470 1829 821 1872; baseline 0.003 -10"><span class='ocrx_word' id='word_1_185' title='bbox 470 1829 483 1848; x_wconf 87' lang='lat'><strong>³</strong></span> <span class='ocrx_word' id='word_1_186' title='bbox 505 1830 692 1872; x_wconf 71' lang='lat' dir='ltr'>Dedcssen:</span> <span class='ocrx_word' id='word_1_187' title='bbox 722 1831 756 1862; x_wconf 90' lang='lat' dir='ltr'>in</span> <span class='ocrx_word' id='word_1_188' title='bbox 770 1841 821 1863; x_wconf 83' lang='lat' dir='ltr'>ea.</span> 
     </span>
     <span class='ocr_line' id='line_1_32' title="bbox 470 1873 886 1906; baseline 0 -1"><span class='ocrx_word' id='word_1_189' title='bbox 470 1874 483 1892; x_wconf 79' lang='lat'><strong>⁴</strong></span> <span class='ocrx_word' id='word_1_190' title='bbox 513 1873 602 1905; x_wconf 88' lang='lat' dir='ltr'>duos</span> <span class='ocrx_word' id='word_1_191' title='bbox 613 1873 690 1906; x_wconf 74' lang='lat' dir='ltr'>add.</span> <span class='ocrx_word' id='word_1_192' title='bbox 706 1874 886 1905; x_wconf 77' lang='lat' dir='ltr'>Raclcham.</span> 
     </span>
    </p>
   </div>
   <div class='ocr_carea' id='block_1_7' title="bbox 207 2010 1078 2122">
    <p class='ocr_par' dir='ltr' id='par_1_7' title="bbox 207 2010 1078 2122">
     <span class='ocr_line' id='line_1_33' title="bbox 507 2010 1078 2044; baseline 0 0"><span class='ocrx_word' id='word_1_193' title='bbox 507 2016 522 2031; x_wconf 78' lang='lat'>⁸</span> <span class='ocrx_word' id='word_1_194' title='bbox 546 2011 593 2044; x_wconf 88' lang='lat' dir='ltr'>Or</span> <span class='ocrx_word' id='word_1_195' title='bbox 609 2010 617 2024; x_wconf 84' lang='lat'><em>⁴</em></span> <span class='ocrx_word' id='word_1_196' title='bbox 634 2011 692 2043; x_wconf 80' lang='lat' dir='ltr'>the</span> <span class='ocrx_word' id='word_1_197' title='bbox 711 2011 867 2043; x_wconf 85' lang='lat' dir='ltr'>cowherd</span> <span class='ocrx_word' id='word_1_198' title='bbox 884 2012 1078 2044; x_wconf 80' lang='lat' dir='ltr'>Murmillo.&#39;</span> 
     </span>
     <span class='ocr_line' id='line_1_34' title="bbox 207 2084 276 2122; baseline -0.043 0"><span class='ocrx_word' id='word_1_199' title='bbox 207 2084 276 2122; x_wconf 86' lang='lat'>542</span> 
     </span>
    </p>
   </div>
  </div>
 </body>
</html>
