1515 2351
124 738 161 768 31

125 1793 166 1824 33

392 135 560 173 PLINY
575 150 583 173 z
636 136 902 174 NATURAL
938 135 1177 175 HISTORY

191 238 384 289 quosdam
404 251 495 275 cum
515 237 609 275 feris
628 240 735 276 coire
754 240 983 288 mixtosque
1003 244 1046 276 et
1065 238 1271 277 semiferos
1292 251 1378 277 esse

190 305 342 350 partus,
360 302 400 336 in
417 299 592 350 Calingis
608 299 787 337 eiusdem
806 299 945 338 Indiae
960 306 1084 351 gente
1101 303 1378 351 quinquennes

192 364 400 412 concipere
454 360 636 406 feminaS,
690 367 877 398 octavum
929 363 1036 399 vitae
1089 375 1238 399 annum
1300 375 1379 400 non

193 423 403 468 excedere,
417 428 459 460 et
477 423 569 460 alibi
587 423 716 461 cauda
733 423 870 460 villosa
886 422 1067 461 homines
1085 426 1192 461 nasci
1211 426 1380 475 pernici-

193 487 289 522 tatis
309 487 498 529 eximiae,
518 485 614 522 alios
635 485 796 522 auribus
816 490 924 522 totos
943 488 1118 536 contegi.

243 546 378 585 Oritas
416 547 467 584 ab
508 546 616 583 Indis
654 547 799 584 Arabis
838 546 978 584 fluvius
1017 547 1283 585 disterminat.
1338 546 1379 584 hi

191 608 345 645 nullum
390 608 512 645 alium
556 609 690 645 cibum
729 621 876 646 novere
915 622 1036 660 quam
1075 611 1259 659 piscium,
1299 622 1379 660 quo

193 671 391 721 unguibus
408 670 600 708 dissectos
621 670 702 707 sole
723 676 905 707 torreant
925 676 1048 721 atque
1076 673 1134 708 ita
1159 684 1307 722 panem
1328 683 1378 709 ex

189 735 234 769 iis
260 731 443 777 faciunt,1
469 738 514 770 ut
539 731 665 770 refert
691 732 927 770 Clitarchus.
981 733 1233 784 Trogodytas
1259 746 1378 784 super

191 793 450 845 Aethiopiam
466 794 680 832 velociores
698 797 810 845 equis
828 808 914 832 esse
932 793 1204 846 Pergamenus
1223 794 1379 841 Crates,

192 859 290 894 item
316 856 537 907 Aethiopas
562 862 708 894 octona
730 857 868 894 cubita
891 856 1142 908 longitudine
1169 857 1379 902 excedere,

192 918 383 969 Syrbotas
400 921 530 956 vocari
546 924 713 970 gentem
730 932 832 956 eam.
888 918 1116 956 Nomadum
1132 918 1379 970 Aethiopum

191 980 411 1018 secundum
469 980 617 1018 flumen
675 981 894 1032 Astragum
951 981 1003 1018 ad
1058 983 1379 1031 septentrionem

193 1045 444 1094 vergentium
471 1056 570 1093 gens
599 1042 932 1080 Menisminorum
958 1042 1163 1093 appellata
1188 1043 1304 1080 abest
1330 1043 1380 1080 ab

193 1117 342 1142 oceano
387 1104 542 1142 dierum
587 1107 731 1142 itinere
777 1107 941 1156 viginti3
1001 1104 1232 1142 animalium
1277 1118 1380 1155 quae

191 1166 482 1218 cynocephalos
511 1180 697 1204 vocamus
726 1166 831 1204 lacte
860 1168 971 1211 vivit,
999 1180 1169 1218 quorum
1197 1172 1383 1204 armenta

191 1231 320 1279 pascit
370 1229 546 1266 maribus
596 1231 850 1279 interemptis
900 1235 1186 1279 praeterquam
1235 1228 1382 1266 subolis

149 1297 166 1326 2
189 1304 321 1328 causa.
377 1294 417 1328 in
458 1290 620 1328 Africae
661 1290 941 1328 solitudinibus
982 1290 1187 1328 hominum
1229 1293 1382 1342 species

192 1354 332 1391 obviae
352 1353 521 1390 subinde
542 1353 643 1390 fiunt
662 1358 949 1403 momentoque
969 1358 1226 1390 evanescunt.

247 1415 359 1452 Haec
380 1421 503 1466 atque
524 1415 620 1451 talia
636 1428 685 1452 ex
706 1414 912 1452 hominum
933 1427 1082 1466 genere
1103 1414 1273 1452 ludibria
1293 1415 1382 1460 sibi,

193 1478 306 1515 nobis
332 1477 536 1521 miracula,
562 1479 768 1528 ingeniosa
793 1476 891 1514 fecit
916 1482 1071 1514 natura.
1127 1482 1170 1514 et
1195 1476 1382 1528 singula²

194 1539 357 1590 quidem
383 1552 486 1590 quae
513 1538 610 1576 facit
634 1541 674 1575 in
700 1539 786 1576 dies
811 1551 857 1576 ac
882 1551 1006 1590 prope
1032 1538 1147 1576 horas
1173 1541 1260 1589 quis
1286 1551 1382 1576 enu-

192 1614 346 1639 merare
393 1601 552 1638 valeat?
607 1601 657 1638 ad
703 1600 976 1652 detegendam
1022 1603 1107 1638 eius
1153 1602 1380 1651 potentiam

193 1666 289 1701 satis
326 1666 378 1700 sit
415 1665 520 1700 inter
557 1663 739 1713 prodigia
775 1665 952 1713 posuisse
990 1667 1146 1713 gentes.
1202 1661 1292 1698 hinc
1329 1661 1381 1699 ad

191 1724 372 1763 confessa
390 1727 430 1762 in
449 1724 609 1762 homine
629 1737 768 1775 pauca.

243 1787 318 1825 III.
353 1787 613 1837 Tergeminos
663 1788 770 1823 nasci
812 1791 967 1823 certum
1013 1790 1076 1822 est
1121 1784 1380 1822 Horatiorum

193 1849 542 1899 Curiatiorumque
563 1847 772 1898 exemplo3
800 1860 920 1898 super
932 1849 1037 1884 inter
1049 1852 1210 1884 ostenta
1223 1846 1381 1884 ducitur

577 1978 590 1998 ¹
617 1976 670 2009 V.l.
686 1977 826 2009 faciant.

577 2021 590 2040 ¹
616 2019 669 2053 VJ.
685 2031 727 2052 ex
741 2019 893 2064 singulis.

196 2067 268 2116 526
