1515 2351
116 1813 154 1843 41

378 117 546 155 PLINY
561 131 569 155 z
622 115 888 155 NATURAL
924 114 1163 153 HISTORY

177 228 300 273 atque
339 221 544 266 Hiberiae,
581 220 804 264 descendit,
841 225 886 257 ut
923 219 1077 257 dictum
1114 224 1188 256 est.
1243 230 1364 268 supra

177 300 378 334 maritima
429 299 513 334 eius
565 295 871 346 Udinorumque
922 300 1089 346 gentem
1138 292 1365 338 Sarmatae,

179 372 373 416 Utidorsi,
404 372 596 410 Aroteres
627 370 964 421 praetenduntur,
995 383 1164 420 quorum
1195 382 1219 406 a
1248 374 1365 419 tergo

178 448 379 485 indicatae
398 449 480 484 iam
508 447 734 484 Amazones
765 452 807 483 et
836 445 1147 483 Sauromatides.
1203 443 1367 481 flumina

179 537 250 573 per
274 522 488 560 Albaniam
513 522 731 560 decurrunt
755 524 796 558 in
821 534 932 558 mare
957 520 1082 558 Casus
1103 526 1145 558 et
1170 519 1367 564 Albanus,

179 599 273 636 dein
309 598 530 649 Cambyses
567 601 608 635 in
645 597 832 635 Caucasis
869 602 980 633 ortus
1018 596 1235 640 montibus,
1272 607 1366 632 rnox

180 674 306 725 Cyrus
326 677 366 711 in
385 674 599 718 Coraxicis,
617 679 662 710 ut
680 673 865 710 diximus.
920 685 1030 709 oram
1045 684 1205 709 omnem
1223 684 1246 707 a
1265 669 1366 708 Caso

181 750 370 800 praealtis
393 750 557 800 rupibus
584 762 787 786 accessum
817 746 995 799 negare¹
1025 759 1098 797 per
1124 758 1289 783 ccccxxv
1327 759 1365 796 p.

181 832 320 862 auctor
350 831 410 863 est
440 826 635 876 Agrippa.
690 837 713 861 a
743 823 847 875 Cyro
877 823 1066 873 Caspium
1097 834 1208 859 mare
1237 824 1366 859 vocari

179 904 341 950 incipit3
375 900 560 938 accolunt
581 900 713 950 Caspi.

231 973 499 1024 Corrigendus
521 979 582 1011 est
603 976 643 1010 in
665 973 739 1010 hoc
760 972 845 1009 loco
867 985 975 1009 error
994 971 1227 1015 multorum,
1242 972 1367 1008 etiam

181 1053 247 1101 qui
269 1052 311 1086 in
331 1050 523 1086 Armenia
545 1062 607 1086 res
628 1050 809 1098 proxime
831 1061 923 1085 cum
945 1046 1170 1084 Corbulone
1191 1059 1366 1097 gessere.

181 1139 357 1175 namque
376 1124 416 1162 hi
438 1124 602 1174 Caspias
623 1123 880 1174 appellavere
900 1129 1036 1173 portas
1058 1122 1249 1159 Hiberiae
1270 1134 1368 1172 quas

181 1201 393 1238 Caucasias
425 1200 597 1237 diximus
630 1202 774 1241 vocari,
806 1202 987 1249 situsque
1019 1198 1169 1248 depicti
1201 1202 1244 1235 et
1274 1196 1368 1235 inde

183 1279 289 1313 missi
327 1275 400 1313 hoc
441 1289 587 1312 nornen
626 1278 859 1325 inscriptum
898 1273 1063 1311 habent.
1119 1279 1161 1310 et
1201 1272 1368 1310 Neronis

182 1355 368 1402 principis
412 1354 671 1388 comminatio
715 1351 766 1387 ad
811 1350 976 1400 Caspias
1020 1355 1156 1400 portas
1199 1348 1368 1386 tendere

182 1428 406 1472 dicebatur,
434 1441 525 1464 cum
554 1433 713 1477 peteret
742 1425 829 1463 illas
859 1438 964 1475 quae
992 1438 1063 1475 per
1093 1423 1300 1461 Hiberiam
1328 1426 1367 1461 in

183 1503 387 1540 Sarmatas
407 1503 598 1546 tendunt,
618 1505 682 1539 vix
704 1501 784 1539 ullo
804 1507 968 1551 propter
988 1502 1191 1550 oppositos
1211 1505 1368 1537 montes

183 1579 295 1616 aditu
324 1579 374 1616 ad
403 1579 592 1628 Caspium
622 1591 744 1615 mare.
798 1583 891 1614 sunt
921 1582 1058 1613 autem
1086 1575 1190 1612 aliae
1217 1573 1368 1625 Caspiis

183 1655 372 1706 gentibus
396 1657 570 1698 iunctae,
593 1653 700 1703 quod
722 1653 873 1690 dinosci
895 1665 974 1689 non
996 1657 1132 1702 potest
1154 1652 1228 1687 nisi
1249 1652 1368 1688 comi-

183 1736 273 1767 tatu
294 1743 424 1767 reruni
445 1728 664 1766 Alexandri
688 1729 842 1779 Magni.

234 1805 342 1843 XVI.
374 1805 560 1855 Namque
592 1804 802 1842 Persarum
835 1816 973 1854 regna,
1004 1815 1108 1853 quae
1140 1814 1244 1839 nunc
1277 1801 1368 1838 Par-

184 1882 344 1918 thorum
375 1879 661 1931 intellegimus,
691 1882 797 1917 inter
827 1879 906 1916 duo
937 1881 1063 1915 maria
1094 1877 1295 1915 Persicum
1326 1882 1367 1913 et

259 1985 269 2003 ¹
296 1983 452 2024 ,llaykoff
464 1986 615 2023 (accessu
633 1993 745 2014 carere
761 1981 834 2013 coll.
852 1980 936 2013 XII.
955 1982 996 2013 33
1013 1980 1098 2020 Jan)
1114 1992 1121 2011 :
1151 1983 1315 2020 corrupta.

183 2046 254 2094 366
