1515 2351
102 669 160 699 112

104 1253 162 1284 113

383 121 573 159 PLINY:
626 121 890 159 NATURAL
928 120 1165 158 HISTORY

182 239 258 263 ana
280 239 385 263 nunc
407 226 636 276 appellatur
658 238 705 262 ea
728 225 959 269 iurisdictio,
981 227 1306 275 conveniuntque
1326 227 1367 262 in

182 312 273 337 eam
312 305 426 336 extra
465 298 690 349 praedictos
731 297 978 335 Macedones
1017 297 1198 342 Cadieni,
1237 297 1367 334 Phila-

182 371 373 422 delphini‚
409 377 451 409 et
486 374 559 421 ipsi
595 374 635 408 in
670 371 804 408 radice
838 370 967 408 Tmoli
1001 370 1180 421 Cogamo
1215 370 1367 408 flumini

183 445 353 495 adpositi
400 444 591 488 Maeonii,
633 443 882 493 Tripolitani,
925 443 1046 480 iidem
1089 449 1131 480 et
1174 443 1368 480 Antonio-

182 517 611 568 politae—Maeandro
663 517 944 561 adluuntur—,
996 515 1365 567 Apollonihieritae‚

187 590 506 642 Mysotimolitae
523 596 565 628 et
583 590 648 627 alii
666 590 872 640 ignobiles,

241 663 391 700 XXXI.
424 663 535 700 Ionia
561 663 612 700 ab
639 663 742 700 Iasio
767 666 854 700 sinu
881 665 1072 712 incipiens
1099 665 1368 700 numerosiore

185 737 340 774 ambitu
351 736 513 773 litorum
526 735 712 774 flectitur.
769 738 808 772 in
821 748 868 773 ea
881 738 1031 785 primus
1044 738 1151 772 sinus
1165 735 1369 780 Basilicus,

186 809 398 847 Posideum
457 812 778 859 promunturium
838 814 880 846 et
928 808 1119 859 oppidum
1167 808 1368 845 oraculum

186 881 498 920 Branchidarum
518 881 780 933 appellatum,
800 895 904 918 nunc
926 881 1142 932 Didymaei
1163 881 1370 931 Apollinis,

186 970 209 992 a
225 956 340 993 litore
359 955 498 993 stadiis
514 968 578 1000 xx,
594 961 634 992 et
653 955 746 992 inde
761 967 880 991 cmxx*
899 954 1065 992 Miletus
1083 954 1219 991 Ioniae
1235 960 1370 1004 caput,

189 1028 372 1079 Lelegeis
403 1034 525 1066 antea
557 1034 599 1065 et
631 1027 798 1078 Pityusa
831 1033 872 1064 et
897 1028 1117 1064 Anactoria
1148 1030 1370 1071 nominata,

186 1114 305 1152 super
340 1114 385 1138 xc
425 1101 580 1138 urbium
617 1114 688 1150 per
722 1106 867 1137 cuncta
901 1102 1026 1136 maria
1059 1102 1260 1150 genetrix,
1297 1112 1370 1136 nec

189 1173 410 1211 fraudanda
430 1176 514 1211 cive
535 1173 688 1210 Cadmo
704 1176 771 1224 qui
786 1176 935 1223 primus
950 1186 1129 1222 prorsam
1149 1175 1370 1209 orationem

188 1247 359 1284 condere
383 1249 568 1283 instituit.
623 1249 749 1283 amnis
777 1245 1000 1283 Maeander
1030 1251 1140 1282 ortus
1172 1258 1196 1283 e
1220 1245 1311 1282 lacu
1330 1247 1370 1282 in

189 1326 325 1357 monte
367 1319 592 1357 Aulocrene
634 1319 894 1369 plurimisque
929 1318 1092 1355 adfusus
1141 1318 1294 1368 oppidis
1329 1323 1371 1355 et

188 1392 363 1443 repletus
407 1392 633 1429 fluminibus
680 1392 840 1436 crebris,
875 1394 933 1428 ita
976 1394 1160 1429 sinuosus
1203 1390 1371 1428 flexibus

189 1472 234 1503 ut
286 1478 408 1516 saepe
460 1465 648 1503 credatur
690 1467 850 1508 reverti,
894 1465 1148 1516 Apamenam
1201 1466 1371 1514 primum

189 1544 433 1589 pervagatur
463 1541 681 1589 regionem,
716 1551 808 1574 mox
851 1538 1172 1581 Eumeneticam,
1200 1550 1246 1574 ac
1279 1536 1371 1574 dein

191 1611 472 1663 Hyrgaleticos
509 1624 687 1661 campos,
724 1616 927 1661 postremo
973 1610 1148 1654 Cariam,
1192 1609 1372 1660 placidus

190 1687 398 1735 omnisque
445 1697 511 1721 eos
554 1697 668 1734 agros
706 1682 950 1721 fertilissimo
992 1685 1125 1733 rigans
1167 1682 1275 1727 limo,
1321 1681 1372 1719 ad

190 1758 403 1796 decumum
438 1771 461 1794 a
498 1756 641 1794 Mileto
675 1756 852 1794 stadium
887 1756 984 1794 lenis
1028 1755 1222 1793 inlabitur
1259 1758 1371 1793 mari.

192 1831 284 1868 inde
317 1844 429 1868 mons
463 1830 646 1873 Latmus,
677 1829 825 1879 oppida
863 1829 1062 1866 Heraclea
1101 1831 1247 1866 montis
1290 1831 1373 1866 eius

191 1906 435 1955 cognominis
469 1902 622 1947 Carice,
657 1902 806 1952 Myuus
845 1901 951 1952 quod
986 1904 1113 1952 primo
1151 1900 1374 1938 condidisse

195 1977 310 2014 Iones
371 1982 584 2013 narrantur
637 1974 807 2012 Athenis
864 1973 1046 2024 profecti,
1109 1972 1373 2019 Naulochum,

191 2057 258 2091 304
