1515 2351
137 642 178 670 413

138 1014 179 1042 44

137 1507 180 1537 45

407 159 575 197 PLINY
590 173 599 197 ι
651 160 687 197 N
690 160 917 198 ATURAL
954 159 1191 198 HISTORY

207 269 250 300 et
268 265 309 300 in
328 262 559 313 plenilunio,
580 263 687 313 quod
706 269 867 313 tempus
888 263 1018 300 editos
1038 276 1197 314 quoque
1218 262 1393 301 infantes

206 327 419 375 praecipue
455 323 633 362 infestat.
689 325 871 375 adeoque
906 327 1081 362 incessus
1116 330 1238 375 atque
1275 337 1393 362 omne

206 386 395 436 quiequid
419 386 496 423 dici
521 392 657 436 potest
680 389 720 423 in
745 386 911 437 gravida
934 386 1073 431 refert,
1099 392 1145 424 ut
1168 386 1393 423 salsioribus

205 448 301 484 cibis
330 461 424 484 usae
453 454 658 485 carentem
687 448 908 499 unguiculis
936 454 1097 498 partum
1125 447 1263 492 edant,
1291 453 1334 485 et
1360 450 1392 485 si

206 513 448 560 respiravere
472 510 668 547 difficilius
693 513 920 553 enitantur;
958 512 1142 547 oscitatio
1167 509 1329 560 quidem
1353 512 1392 546 in

206 574 327 609 enixu
345 571 474 608 letalis
495 578 570 615 est,
590 574 692 608 sicut
712 574 928 609 sternuisse
949 585 972 608 a
990 574 1098 608 coitu
1118 572 1355 609 abortivum.

254 634 345 670 VII.
367 633 535 671 Miseret
553 640 676 684 atque
694 637 816 671 etiam
831 634 959 684 pudet
973 636 1259 670 aestimantem
1273 647 1394 684 quam

206 697 258 733 sit
271 695 409 732 frivola
422 695 654 733 animalium
668 697 939 746 superbissimi
952 698 1077 746 origo,
1089 709 1181 733 cum
1194 695 1393 746 plerisque

206 758 369 795 abortus
394 771 514 795 causa
539 757 636 795 odor
661 772 684 795 a
709 758 960 795 lucernarum
987 757 1057 794 fiat
1083 760 1279 794 extinctu.
1334 756 1393 794 his

205 822 406 870 principiis
443 826 662 857 nascuntur
699 822 874 871 tyranni,
910 819 970 856 his
1007 819 1186 857 carnifex
1224 822 1391 856 animus.

205 887 251 919 tu
275 884 342 932 qui
365 884 538 933 corporis
562 883 708 919 viribus
733 881 834 926 fidis,
857 887 904 919 tu
927 884 993 932 qui
1018 881 1203 918 fortunae
1227 894 1395 918 munera

206 943 446 994 amplexaris
467 950 509 981 et
530 950 572 981 te
595 957 644 981 ne
667 943 873 981 alumnum
895 943 1059 994 quidem
1080 946 1164 981 eius
1187 945 1393 980 existimas

204 1005 275 1043 sed
302 1012 478 1056 partum,
499 1011 546 1043 tu
572 1008 682 1043 cuius
710 1004 993 1055 imperatoria1
1016 1011 1078 1042 est
1105 1018 1232 1049 mens,
1253 1011 1299 1042 tu
1327 1007 1394 1055 qui

206 1073 247 1105 te
265 1067 386 1105 deum
402 1068 530 1105 credis
549 1067 682 1118 aliquo
699 1081 882 1104 successu
898 1073 1073 1111 tumens,
1089 1060 1247 1104 tantine
1264 1069 1394 1118 perire

205 1130 399 1180 potuisti?
454 1136 577 1180 atque
596 1132 719 1166 etiam
736 1129 855 1166 hodie
873 1131 1033 1166 minoris
1051 1134 1181 1180 potes,
1199 1128 1393 1180 quantulo

206 1194 403 1242 serpentis
428 1194 530 1229 ictus
555 1191 694 1236 dente,
719 1197 791 1229 aut
815 1193 939 1228 etiam
965 1197 1010 1228 ut
1035 1192 1246 1228 Anacreon
1270 1197 1393 1242 poeta

206 1256 319 1290 acino
347 1267 447 1290 uvae
475 1267 631 1304 passae,
659 1253 761 1290 aut²
789 1259 834 1290 ut
863 1253 1008 1290 Fabius
1035 1252 1206 1290 Senator
1232 1258 1394 1303 praetor

206 1317 246 1351 in
277 1315 390 1352 lactis
423 1314 570 1352 haustu
602 1328 681 1352 uno
713 1315 792 1365 pilo
824 1314 1110 1364 strangulatus.
1166 1316 1197 1352 is
1229 1314 1394 1352 demum

205 1376 386 1427 profecto
419 1379 543 1414 vitam
575 1390 705 1427 aequa
738 1377 849 1413 lance
882 1377 1103 1427 pensitabit
1136 1378 1203 1426 qui
1235 1389 1394 1427 semper

206 1438 434 1489 fragilitatis
455 1438 654 1476 humanae
676 1452 828 1476 memor
849 1437 981 1476 fuerit.

254 1500 366 1537 VIII.
387 1501 432 1537 In
446 1500 570 1551 pedes
585 1500 789 1551 procidere
805 1506 1039 1538 nascentem
1051 1506 1192 1538 contra
1205 1506 1392 1538 naturam

206 1568 281 1606 est,
317 1576 394 1613 quo
433 1568 672 1613 argumento
711 1576 777 1599 eos
816 1562 1069 1613 appellavere
1107 1563 1307 1613 Agrippas
1348 1567 1393 1599 ut

205 1637 326 1675 aegre
341 1630 498 1674 partos;
528 1624 700 1674 qualiter
723 1623 780 1660 M.
803 1625 1025 1674 Agrippam
1047 1623 1182 1661 ferunt
1195 1626 1393 1674 genitum,

205 1689 320 1722 unico
346 1699 469 1736 prope
496 1685 699 1723 felicitatis
726 1686 912 1736 exemplo
937 1688 977 1722 in
1002 1686 1185 1723 omnibus
1211 1685 1262 1722 ad
1287 1685 1392 1723 hunc

206 1747 368 1784 modum
431 1750 880 1798 genitis—quamquam
930 1750 962 1784 is
1013 1760 1173 1798 quoque
1225 1746 1391 1784 adversa

205 1809 354 1859 pedum
398 1809 618 1846 valitudine
662 1812 806 1846 misera
850 1811 1027 1853 iuventa,
1071 1811 1249 1846 exercito
1293 1821 1391 1846 aevo

314 1889 325 1908 ¹
354 1889 505 1921 Urlichs:
536 1890 632 1921 cuius
647 1900 780 1930 semper
794 1890 955 1921 tinctoria
971 1891 1042 1929 (aul
1058 1889 1092 1920 in
1110 1889 1279 1928 victoria).

307 1933 320 1952 ²
343 1938 405 1964 aut
420 1932 495 1964 add.
514 1932 692 1964 Racklmm.

251 2036 266 2050 ⁶
292 2032 316 2063 Α
324 2043 392 2073 eqre
407 2037 524 2074 partus
538 2033 565 2064 is
580 2032 761 2074 suggested
777 2043 814 2064 as
830 2032 888 2063 the
902 2032 1099 2074 etymology
1114 2032 1153 2063 of
1164 2032 1328 2073 Aqrippa.

210 2098 279 2134 534
