1515 2351
138 432 176 462 15

138 1111 176 1142 16

405 137 572 175 PLINY
587 152 594 175 :
648 139 912 176 NATURAL
949 138 1187 177 HISTORY

202 243 288 290 ipsa
313 241 476 291 quidem
503 254 626 290 prope
653 244 916 279 internicione
943 241 1101 279 sublata
1126 247 1189 280 est
1214 255 1237 279 a
1264 242 1386 280 Nasa-

203 304 385 340 monibus
418 306 484 353 qui
518 317 621 340 nunc
654 316 721 340 eas
754 309 898 340 tenent
928 303 1058 347 sedes,
1089 317 1217 354 genus
1248 310 1387 342 tamen

202 363 408 401 hominum
432 378 482 401 ex
506 367 551 401 iis
576 367 642 414 qui
666 364 930 416 profugerant
954 371 1024 402 aut
1047 379 1138 402 cum
1160 371 1386 416 pugnatum

201 432 261 463 est
284 426 469 463 afuerant
490 425 609 463 hodie
630 427 642 449 ¹
666 432 850 464 remanet
870 429 910 463 in
932 429 1079 477 paucis.
1135 427 1261 464 simile
1284 433 1326 464 et
1347 429 1386 463 in

204 487 321 524 Italia
357 487 582 525 Marsorum
617 501 744 539 genus
778 488 911 533 durat,
946 502 1043 539 quos
1079 502 1101 525 a
1135 488 1273 526 Circae
1308 487 1386 525 filio

202 555 309 587 ortos
325 548 461 587 ferunt
478 556 519 587 et
536 549 625 587 idco
641 553 770 588 inesse
787 553 833 587 iis
849 552 927 587 vim
945 550 1171 588 naturalem
1187 563 1290 588 eam.
1344 556 1387 588 et

202 617 341 649 tamen
350 612 533 648 omnibus
550 611 775 649 hominibus
786 618 927 648 contra
934 618 1143 662 serpentes
1155 614 1261 649 inest
1269 625 1387 650 vene-

203 686 321 710 num:
363 672 498 710 ferunt
524 676 649 710 ictum
676 673 823 711 salivae
850 679 896 711 ut
921 672 1113 711 ferventis
1141 687 1270 724 aquae
1295 687 1388 711 con-

202 740 357 772 tactum
376 735 540 785 fugere3
572 735 679 785 quod
696 737 728 771 si
746 737 786 771 in
804 735 940 772 fauces
957 738 1245 785 penetraverit,
1264 737 1386 773 etiam

203 799 316 840 mori,
335 796 456 847 idque
475 799 650 833 maxime
670 796 833 833 humani
853 799 974 834 ieiuni
993 799 1082 834 oris.

254 857 381 909 Supra
436 858 682 895 Nasamonas
736 858 992 910 confinesque
1047 858 1121 896 illis
1179 857 1387 910 Machlyas

204 920 471 971 Androgynos
497 933 583 957 esse
610 923 818 971 utriusque
844 926 1014 958 naturae
1039 923 1144 958 inter
1170 934 1211 958 se
1238 921 1388 958 vicibus

202 988 393 1019 coeuntes
457 981 710 1032 Calliphanes
773 982 910 1020 tradit.
975 982 1214 1020 Aristoteles
1267 982 1390 1020 adicit

203 1044 389 1081 dextram
404 1057 621 1081 mammam
636 1046 668 1081 is
683 1044 850 1089 virilem,
865 1044 1020 1082 laevam
1033 1044 1270 1082 muliebrem
1287 1056 1387 1082 esse.

201 1109 240 1142 in
278 1106 421 1143 eadem
459 1106 595 1143 Africa
631 1105 800 1143 familias
838 1106 1032 1156 quasdam
1069 1105 1388 1143 effascinantium

205 1168 386 1217 Isigonus
401 1173 443 1204 et
458 1167 766 1218 Nymphodorus
780 1168 960 1212 tradunt,
975 1181 1143 1218 quorum
1158 1168 1388 1205 laudatione

203 1232 404 1266 intereant
421 1235 743 1279 prata‚arescant
758 1230 1186 1275 arbores‚emoriantur
1200 1228 1387 1267 infantes.

204 1304 290 1328 esse
326 1291 506 1328 eiusdem
540 1293 699 1342 generis
734 1294 773 1328 in
808 1291 989 1328 Triballis
1025 1297 1067 1328 et
1104 1291 1232 1342 Illyris
1267 1291 1390 1329 adicit

206 1353 386 1404 Isigonus
417 1356 483 1404 qui
513 1355 598 1390 visu
628 1366 786 1404 quoque
818 1352 1052 1390 effascinent
1073 1355 1388 1404 interimantque

204 1428 303 1465 quos
341 1415 492 1452 diutius
542 1418 790 1459 intueantur,
833 1418 944 1452 iratis
986 1418 1200 1465 praecipue
1244 1414 1389 1459 oculis;

204 1477 311 1526 quod
339 1491 476 1514 eorum
505 1477 654 1514 malum
683 1476 835 1514 facilius
863 1479 1012 1514 sentire
1039 1478 1235 1527 puberes3
1276 1482 1390 1514 nota-

204 1539 319 1575 bilius
350 1552 437 1576 esse
468 1539 575 1589 quod
605 1539 774 1589 pupillas
806 1540 917 1576 binas
949 1541 987 1574 in
1018 1538 1182 1587 singulis
1211 1537 1389 1575 habeant

139 1606 177 1635 17
201 1601 335 1637 oculis.
391 1600 505 1637 huius
538 1603 696 1651 generis
729 1606 770 1637 et
803 1599 971 1637 feminas
1003 1602 1043 1636 in
1075 1599 1253 1650 Scythia,
1285 1612 1388 1651 quae

205 1662 333 1699 Bitiae
364 1668 569 1705 vocantur,
598 1661 732 1712 prodit
766 1661 1038 1712 Apollonides,
1073 1660 1317 1712 Phylarchus
1347 1666 1390 1699 et

205 1727 244 1760 in
271 1722 398 1761 Ponto
423 1723 654 1760 Thibioruni
681 1737 807 1774 genus
834 1723 1061 1773 multosque
1088 1723 1183 1759 alios
1210 1723 1389 1760 eiusdem

205 1792 388 1828 naturae,
404 1799 572 1835 quorum
588 1791 704 1822 notas
720 1785 845 1822 tradit
860 1788 900 1821 in
916 1785 1042 1822 altero
1058 1785 1170 1822 oculo
1186 1787 1388 1835 geminam

206 1847 396 1898 pupillam
425 1849 464 1883 in
495 1847 620 1884 altero
649 1849 740 1896 equi
771 1848 958 1896 effigiem,
986 1846 1148 1884 eosdem
1178 1852 1390 1896 praeterea

598 1920 610 1938 ¹
634 1918 825 1950 Rackham:
854 1919 1032 1959 hodieque.

449 1994 463 2008 ⁰
487 1989 623 2031 Agrius,
642 1988 754 2019 whose
771 1987 886 2020 father
902 1999 971 2020 was
988 1987 1139 2029 Ulysses.

209 2043 279 2090 516
