1515 2351
159 698 201 729 99

146 1340 204 1371 100

423 139 614 177 PLINY:
668 140 933 177 NATURAL
970 139 1208 177 HISTORY

224 256 311 280 rum
335 243 553 293 Aprustani
575 249 750 287 tantum,
775 243 1026 279 Lucanorum
1049 248 1186 280 autem
1209 243 1412 287 Atinates,

224 306 401 351 Bantini,
444 307 624 351 Eburini‚
667 307 937 351 Grumentini,
981 306 1201 351 Potentini,
1243 306 1412 351 Sontini,

225 370 356 415 Sirini,
409 371 628 422 Tergilani,
684 371 906 416 Ursentini,
961 371 1214 416 Volcentani,
1270 371 1413 421 quibus

228 435 484 473 Numestrani
514 439 747 486 iunguntur.
802 441 1015 485 praeterea
1037 438 1235 472 interiisse
1255 434 1414 472 Thebas

228 499 410 537 Lucanas
432 499 535 537 Cato
557 506 696 537 auctor
719 506 794 543 est,
817 505 860 537 et
883 499 1139 536 Mardoniam
1163 499 1414 536 Lucanorum

226 564 367 600 urbem
382 563 503 601 fuisse
517 564 815 614 Theopompus,
831 567 871 600 in
886 577 965 614 qua
980 563 1214 601 Alexander
1228 563 1415 614 Epirotes

226 628 471 666 occubuerit.

278 692 513 730 Conectitur
535 693 711 730 secunda
734 695 845 743 regio
867 692 1054 743 amplexa
1077 692 1280 742 Hirpinos,
1303 691 1417 730 Cala-

227 756 370 801 briam,
394 757 598 807 Apuliam,
621 757 862 794 Sallentinos
886 763 954 795 ffi,
976 760 1064 794 sinu
1087 760 1155 807 qui
1178 757 1418 795 Tarentinus

228 821 458 870 appellatur
475 822 526 858 ab
544 821 691 871 oppido
711 821 916 858 Laconum
935 822 991 872 (in
1008 834 1168 859 recessu
1185 820 1260 859 hoc
1277 824 1419 858 intimo

227 889 362 929 situm,
377 886 607 923 contributa
627 899 675 923 eo
691 889 893 923 maritima
911 885 1066 923 colonia
1082 899 1186 936 quae
1203 886 1257 922 ibi
1273 885 1419 932 fuerat,

228 950 343 987 abest
379 956 520 989 ffi‘ffi
556 964 578 987 a
614 950 777 988 Lacinio
811 950 1106 1001 promunturio)
1140 950 1349 988 adversam
1383 953 1420 988 ei

228 1013 456 1051 Calabriam
485 1018 523 1052 in
552 1015 804 1065 peninsulam
833 1018 1036 1052 emittens.
1093 1014 1236 1052 Graeci
1267 1014 1421 1052 Messa-

230 1081 338 1128 piam
352 1092 374 1115 a
388 1079 490 1117 duce
505 1079 762 1129 appellavere
777 1086 819 1117 et
834 1085 929 1117 ante
945 1079 1179 1117 Peucetiam
1193 1092 1215 1116 a
1230 1078 1421 1117 Peucetio

230 1142 399 1180 Oenotri
416 1143 541 1181 fratre
560 1147 598 1180 in
616 1143 839 1181 Sallentino
857 1157 965 1195 agro.
1020 1147 1126 1181 inter
1145 1146 1422 1194 promunturia

226 1210 251 1245 ‘c'
276 1210 499 1252 intersunt3
538 1208 713 1245 latitudo
739 1208 976 1258 peninsulae
1003 1221 1025 1245 a
1050 1208 1227 1245 Tarento
1254 1208 1422 1245 Brundi-

231 1274 332 1308 sium
364 1278 524 1310 terrcno
556 1275 699 1310 itinere
730 1287 831 1311 xmrv
862 1278 994 1323 patet,
1024 1272 1233 1323 multoque
1263 1273 1422 1310 brevius

230 1349 251 1372 a
281 1343 400 1386 portu
429 1336 582 1374 Sasine.
636 1337 785 1387 oppida
811 1351 883 1387 per
903 1340 1181 1374 continentem
1203 1350 1226 1374 a
1247 1337 1422 1375 Tarento

232 1399 343 1445 Uria,
395 1405 457 1438 cui
521 1414 745 1452 cognomen
808 1402 859 1439 ob
922 1401 1098 1451 Apulam
1164 1401 1422 1452 Messapiae,1

230 1464 497 1510 Sarmadium,
537 1469 577 1502 in
615 1479 685 1503 ora
725 1479 818 1503 vero
858 1465 1022 1510 Senum,
1062 1465 1280 1516 Callipolis,
1318 1479 1422 1517 quae

231 1542 336 1566 nunc
368 1535 429 1567 est
460 1531 594 1575 Anxa,
621 1536 723 1568 L—xff
755 1544 777 1567 a
806 1530 994 1567 Tarento.
1050 1530 1143 1568 inde
1175 1536 1298 1569 iffa-1
1334 1543 1423 1581 pro-

231 1597 480 1631 munturium
533 1595 641 1645 quod
692 1595 825 1632 Acran
878 1594 1089 1646 Iapygiam
1140 1601 1298 1640 vocant,
1344 1609 1423 1646 quo

232 1656 462 1708 longissime
499 1662 540 1695 in
575 1662 701 1696 maria
737 1662 913 1696 excurrit
950 1659 1082 1697 Italia.
1137 1660 1188 1697 ab
1225 1673 1272 1697 eo
1301 1659 1423 1697 Basta

233 1722 425 1772 oppidum
469 1729 510 1760 et
554 1723 815 1773 Hydruntum
857 1724 999 1761 decem
1041 1737 1087 1761 ac
1129 1737 1273 1761 novem
1314 1724 1423 1761 milia

233 1798 438 1836 passuum,
464 1787 515 1824 ad
541 1787 753 1824 discrimen
777 1788 861 1824 Ioni
884 1794 925 1825 et
946 1788 1170 1825 Hadriatici
1190 1791 1324 1833 maris,
1344 1801 1423 1839 qua

445 1873 456 1892 ¹
482 1873 639 1913 Muyhoff
649 1885 657 1905 ι
687 1884 875 1915 cognomen
892 1874 1022 1915 Apulae
1038 1874 1217 1916 Messapia.

565 2001 580 2016 ⁰
602 1997 696 2039 Capu
711 1998 745 2028 di
760 2000 794 2030 S.
812 1998 919 2029 Maria
935 1998 968 2029 di
984 1998 1088 2031 Luca.

241 2070 284 2106 72
