1515 2351
411 167 601 206 PLINY:
654 168 917 207 NATURAL
954 169 1190 208 HISTORY

213 273 482 308 materiariam
524 270 741 315 Daedalus,
780 277 823 309 et
859 274 901 308 in
941 284 989 309 ea
1025 284 1192 317 serram,
1230 275 1389 319 asciam,

211 324 554 374 perpendiculum,
583 325 801 367 terebram,
826 324 1040 374 glutinum,
1063 325 1391 376 ichthyocollam3

212 390 392 414 normam
428 384 565 414 autem
601 383 643 415 et
676 377 853 414 libellam
889 384 932 415 et
964 384 1127 415 tornum
1163 385 1205 416 et
1238 379 1390 417 clavem

212 430 444 468 Theodorus
484 430 652 475 SamiuS,
691 443 896 468 mensuras
937 437 980 468 et
1018 432 1198 481 pondera
1238 431 1391 470 Phidon

213 485 400 534 Argivus,
421 490 491 521 aut
514 483 748 521 Palamedes
770 490 815 520 ut
836 484 978 521 maluit
1000 484 1176 529 Gellius3
1211 488 1346 536 ignem
1368 498 1390 523 e

211 537 321 574 silice
345 537 521 586 Pyrodes
545 537 676 574 Cilicis
699 537 815 582 filius,
838 537 1010 574 eundem
1033 538 1242 575 adservare
1264 538 1392 576 ferula

131 595 192 626 199
207 590 482 635 Prometheus,
505 590 728 627 vehiculum
748 604 839 627 cum
866 597 1056 641 quattuor
1081 594 1178 628 rotis
1200 591 1392 642 PhrygeS‚

213 650 458 681 mercaturas
506 643 643 688 Poeni,
687 643 886 681 culturam
931 647 1072 681 vitium
1118 650 1161 682 et
1206 645 1391 682 arborum

214 697 432 747 Eumolpus
461 695 734 741 Atheniensis,
761 699 895 733 vinum
923 710 1051 747 aquae
1079 698 1277 735 miscere1
1304 697 1393 735 Sta-

213 749 355 800 phylus
372 749 492 787 Sileni
509 750 625 794 filius,
639 750 772 787 oleum
789 756 830 787 et
844 756 1026 800 trapetas
1042 751 1250 788 Aristaeus
1266 749 1393 788 Athe-

215 806 376 847 niensis,
409 803 516 840 idem
550 803 694 846 mella3
742 803 884 840 bovem
921 809 963 841 et
997 810 1176 841 aratrum
1210 803 1392 855 Buzyges

214 856 485 901 Atheniensis,
511 862 556 893 ut
587 856 654 893 alii
683 856 974 906 Triptolemus;
1004 860 1157 907 regiam
1187 860 1392 895 civitatem

130 915 194 946 200
216 911 422 960 Aegyptii,
437 910 669 959 popularem
685 911 811 946 Attici
831 916 922 959 post
935 909 1146 947 Theseum.
1199 916 1392 961 tyrannus

130 1395 191 1426 201

213 966 363 1013 primus
386 963 463 1000 fuit
487 962 662 1000 Phalaris
686 964 922 1013 Agraganti.
975 966 1182 1000 servitium
1204 966 1393 1001 invenere

215 1016 533 1054 Lacedaemonii.
587 1016 774 1053 iudicium
810 1019 951 1066 capitis
987 1019 1029 1053 in
1064 1017 1279 1067 Areopago
1313 1019 1395 1067 pri-

213 1083 323 1107 mum
343 1075 477 1107 actum
497 1075 570 1106 est.

265 1123 463 1160 Proelium
484 1122 572 1159 Afri
590 1128 730 1159 contra
749 1123 972 1173 Aegyptios
991 1125 1109 1172 primi
1128 1122 1261 1160 fecere
1281 1121 1395 1160 fusti-

215 1176 303 1221 bus,
344 1190 441 1226 quos
483 1182 625 1213 vocant
666 1175 897 1226 phalangas.
950 1175 1112 1225 clupeos
1152 1179 1393 1214 invenerunt

216 1229 383 1267 Proetus
411 1236 453 1267 et
479 1230 653 1266 Acrisius
679 1232 786 1266 inter
809 1242 852 1266 se
878 1229 1092 1274 bellantes,
1116 1232 1198 1266 sive
1225 1228 1393 1266 Chalcus

215 1282 471 1320 Athamantis
489 1283 604 1327 filius,
618 1283 782 1319 loricam
802 1282 947 1320 Midias
967 1283 1206 1327 Messenius,
1222 1282 1394 1333 galeam,

215 1336 407 1386 gladium,
444 1335 602 1373 hastam
641 1335 961 1380 Lacedaemonii,
998 1349 1135 1373 ocreas
1174 1341 1217 1373 et
1253 1338 1393 1373 cristas

215 1390 348 1427 Cares.
402 1402 537 1426 arcum
580 1395 622 1426 et
658 1392 849 1438 sagittam
887 1387 1076 1438 Scythem
1116 1388 1218 1425 Iovis
1257 1389 1394 1433 filium,

215 1443 280 1479 alii
311 1446 478 1493 sagittas
512 1442 661 1480 Persen
693 1442 829 1480 Persei
861 1442 985 1478 filium
1015 1445 1211 1479 invenisse
1242 1441 1394 1486 dicunt,

214 1495 370 1533 lanceas
408 1496 588 1540 Aetolos,
624 1496 798 1532 iaculum
835 1508 926 1532 cum
964 1501 1168 1532 ammento
1204 1495 1394 1532 Aetolum

218 1549 362 1586 Martis
388 1549 525 1594 filium,
548 1547 682 1585 hastas
708 1549 897 1586 velitares
923 1548 1160 1598 Tyrrenum,
1192 1548 1364 1586 eundem
1380 1547 1396 1572 ²

217 1603 357 1652 pilum,
385 1602 683 1639 Penthesileam
710 1603 957 1639 Amazonem
982 1604 1169 1646 securim,
1197 1601 1395 1646 Pisaeum,

217 1656 414 1692 venabula
445 1661 486 1693 et
515 1659 555 1692 in
584 1658 796 1692 tormentis
825 1658 1090 1705 scorpionem,
1117 1654 1258 1692 Cretas
1285 1660 1395 1692 cata-

216 1709 386 1759 pultam,
407 1707 718 1759 Syrophoenicas
740 1708 942 1745 ballistam
964 1714 1006 1746 et
1026 1707 1205 1752 fundam,
1227 1720 1394 1745 aeneam

535 1818 547 1837 ¹
572 1818 736 1848 miscere?
755 1817 911 1858 Mayhoff
922 1829 928 1848 :
959 1817 1101 1848 misceri.

533 1861 546 1880 ²
569 1860 716 1892 eundem
732 1860 808 1891 add.
826 1860 990 1901 Mayhoff.

629 2034 644 2050 ⁶
667 2031 725 2062 I.e.
744 2030 931 2072 Ox-yoker.

216 2095 288 2140 640
