1515 2351
126 1178 185 1207 1:33

126 1591 186 1620 134

406 128 596 166 PLINY:
650 128 915 166 NATURAL
951 126 1191 166 HISTORY

207 232 359 269 dictum
376 245 496 282 quam
512 232 669 281 plurimi
687 232 886 268 iudicent!
918 244 1020 268 vana
1040 229 1265 267 mortalitas
1282 235 1325 267 et
1340 229 1392 267 ad

207 290 608 327 circumscribendam
628 303 670 327 se
691 292 818 340 ipsam
839 291 1045 339 ingeniosa
1064 294 1260 339 conputat
1279 301 1389 326 more

206 349 398 386 Thraciae
425 351 572 399 gentis,
600 361 703 399 quae
729 348 899 385 calculos
927 347 1056 385 colore
1083 347 1292 384 distinctos
1319 360 1390 397 pro

207 410 484 457 experimento
529 409 720 457 cuiusque
766 407 845 443 diei
891 409 930 443 in
977 419 1117 443 urnam
1163 405 1300 442 condit
1347 418 1393 443 ac

207 479 392 516 supremo
408 466 472 503 die
489 471 694 515 separatos
709 465 938 502 dinumerat
954 471 1076 515 atque
1092 467 1149 501 ita
1164 464 1214 501 de
1231 477 1392 514 quoque

167 534 174 543 ⁴
209 527 458 574 pronunciat.
514 524 610 575 quid
647 523 754 574 quod
790 522 906 574 ipse1
942 523 1080 560 calculi
1117 523 1289 560 candore
1326 522 1392 559 illo

208 583 393 620 laudatus
422 583 507 620 dies
536 585 731 633 originem
760 582 853 619 mali
882 581 1050 618 habuit?
1095 595 1216 632 quam
1245 579 1392 618 multos

208 648 374 692 accepta
401 641 592 679 adflixere
618 642 806 692 imperia!
850 654 971 691 quam
999 640 1144 677 multos
1171 640 1277 677 bona
1304 653 1392 690 per-

207 701 345 738 didere
376 707 418 738 et
448 700 597 737 ultimis
627 713 801 737 mersere
832 700 1054 750 suppliciis!
1099 702 1177 736 ista
1206 701 1391 736 nimirum

208 761 325 804 bona,
341 762 447 797 sicui
463 762 569 796 inter
581 759 596 782 ²
616 759 682 796 illa
697 758 794 795 hora
809 761 849 795 in
864 758 1012 809 gaudio
1028 757 1124 794 fuit!
1152 760 1210 794 ita
1225 763 1288 795 est
1303 771 1391 807 pro-

208 818 329 863 fecto,
344 819 443 856 alius
463 818 513 856 de
535 818 611 855 alio
631 818 782 855 iudicat
801 818 887 855 dics
909 823 951 854 et
971 817 1160 854 tantum³
1180 829 1392 866 supremus

207 877 257 914 de
274 878 471 922 omnibus,
490 877 662 927 ideoque
683 876 799 913 nullis
818 876 1064 913 credendum
1085 881 1159 913 est.
1177 875 1274 925 quid
1287 875 1394 926 quod

207 937 313 973 bona
339 937 452 973 malis
480 938 591 987 paria
619 949 698 973 non
725 941 819 972 sunt
847 938 970 972 etiam
998 937 1083 985 pari
1111 947 1292 979 numero,
1319 947 1393 972 nec

207 995 364 1032 laetitia
392 995 472 1032 ulla
501 997 665 1032 minimo
694 1007 874 1032 maerore
904 993 1138 1045 pensanda?
1183 992 1262 1031 lieu
1292 1006 1394 1030 vana

209 1061 251 1091 et
276 1055 507 1105 imprudens
533 1054 763 1105 diligentia!
805 1066 994 1090 numerus
1020 1052 1175 1090 dierum
1201 1057 1394 1103 conputa-

208 1113 304 1157 tur‚⁴²
325 1114 392 1151 ubi
414 1115 620 1164 quaeritur
640 1113 816 1164 pondus!

262 1172 370 1210 XLI.
402 1172 495 1210 Una
511 1171 750 1209 feminarum
767 1174 806 1208 in
820 1174 926 1209 omni
944 1184 1042 1208 aevo
1057 1170 1252 1221 Lampido
1271 1169 1394 1208 Lace-

208 1231 420 1268 daemonia
440 1234 640 1282 reperitur
661 1244 764 1281 quae
786 1233 891 1281 regis
914 1230 1006 1275 filia,
1028 1232 1132 1280 regis
1155 1243 1267 1275 uxor,
1288 1231 1393 1280 regis

208 1296 338 1327 mater
366 1290 502 1335 fuerit,
530 1303 610 1327 una
637 1289 829 1327 Berenice
858 1302 961 1340 quae
992 1289 1084 1334 filia,
1113 1302 1234 1333 soror,
1262 1293 1394 1326 mater

209 1349 591 1400 Olympionicarum,
617 1362 697 1386 una
722 1347 873 1385 familia
898 1348 1115 1385 Curionum
1141 1350 1180 1384 in
1207 1361 1286 1397 qua
1311 1353 1393 1385 tres

207 1411 398 1445 continua
416 1411 518 1446 serie
542 1414 720 1445 oratores
744 1410 988 1451 exstiterint,
1013 1420 1092 1444 una
1118 1407 1329 1444 Fabiorum
1353 1409 1394 1443 in

209 1481 288 1518 qua
311 1474 392 1504 tres
415 1469 593 1504 continui
617 1469 815 1517 principes
839 1473 1016 1511 senatus,
1042 1465 1100 1502 M.
1129 1465 1272 1502 Fabius
1297 1466 1393 1502 Am-

208 1527 363 1570 bustus
374 1526 518 1563 Fabius
527 1526 732 1563 Rullianus
747 1525 862 1569 filius,
871 1525 919 1571 Q.
934 1525 1078 1563 Fabius
1089 1524 1246 1575 Gurges
1255 1537 1392 1574 nepos.

210 1585 341 1623 XLII.
373 1591 510 1622 cetera
537 1585 722 1634 exempla
752 1584 936 1621 fortunae
967 1586 1154 1620 variantis
1185 1586 1394 1620 innumera

208 1650 313 1681 sunt.
369 1646 521 1681 etenim
539 1656 643 1694 quae
661 1642 758 1680 facit
776 1656 922 1693 magna
940 1642 1088 1693 gaudia
1105 1644 1179 1679 nisi
1197 1655 1247 1679 ex
1265 1641 1392 1686 malis,

454 1723 464 1741 ¹
488 1722 585 1762 ipse?
602 1721 757 1762 Mayhoff
767 1733 775 1752 ε
803 1721 877 1752 iste.

450 1765 462 1784 ²
493 1765 555 1796 1'.l.
574 1764 664 1795 bona
680 1774 757 1794 cum
776 1764 921 1796 interim.

454 1806 466 1825 ³
493 1807 647 1847 Mayhofs
657 1819 665 1838 ε
689 1810 817 1838 tamen.

458 1851 468 1869 ⁴
494 1850 576 1882 Md.
593 1854 650 1882 vet.
667 1850 724 1891 (of.
741 1850 799 1881 VI.
817 1850 917 1888 209):
948 1852 1181 1890 comparatur.

252 1957 266 1972 ‘¹
290 1953 411 1994 Really
434 1954 529 1984 there
547 1964 631 1984 were
656 1962 770 1993 many,
788 1962 913 1993 among
929 1952 1025 1984 them
1051 1951 1240 1993 Olympias,
1259 1950 1395 1983 mother

207 1997 246 2028 of
258 1996 450 2028 Alexander
466 1996 524 2028 the
541 1996 656 2028 Groat.

208 2060 279 2097 594
