1515 2351
361 114 551 153 PLINY:
603 113 868 152 NATURAL
906 112 1143 151 HISTORY

160 233 347 269 passuum
368 221 605 268 parcissimis
626 217 854 254 auctoribus
874 219 1088 267 navigatur
1107 222 1150 254 et
1171 215 1345 267 quodam

160 292 251 329 solis
276 294 471 329 comitatu
497 294 536 327 in
562 303 746 328 occasum
772 302 907 327 versus
933 301 1083 326 oceano
1108 288 1344 326 infunditur.

163 378 391 401 mensuram
415 377 508 401 orae
533 363 584 400 ad
610 376 702 400 eum
728 375 888 412 ponam,
913 367 958 399 ut
983 364 1155 405 invenio,
1179 374 1346 411 genera-

161 440 249 479 tim,
271 450 516 487 quamquam
538 439 644 473 inter
665 448 709 472 se
730 433 866 472 nullae
886 439 1135 484 congruunt:
1172 434 1223 470 ab
1245 436 1346 470 ostio

163 509 314 559 Gangis
360 509 410 546 ad
456 510 779 560 promunturium
826 506 1022 557 Calingon
1068 511 1110 543 et
1156 506 1347 556 oppidum

164 582 418 632 Dandaguda
437 581 576 626 Uri-KQ,
593 581 644 618 ad
657 580 830 630 Tropina
851 581 932 630 {it—111
954 579 1041 624 ἦῆ,
1058 578 1108 616 ad
1123 577 1348 616 Perimulae

162 658 498 705 promunturium,
533 654 600 690 ubi
637 659 698 690 oet
737 652 1043 689 celeberrimum
1092 650 1233 688 Indiae
1267 664 1349 688 em-

164 730 332 777 porium,
369 727 477 770 isc—12,
513 726 564 763 ad
601 725 793 776 oppidum
831 727 872 761 in
908 722 1036 760 insula
1071 736 1192 774 quam
1229 736 1349 774 supra

163 800 335 837 diximus
356 798 539 835 Patalam
561 802 673 836 ffmssv.

216 872 370 909 Gentes
399 877 617 907 montanae
646 874 752 908 inter
781 884 872 908 eum
903 875 945 907 et
983 869 1189 906 Iomanem
1220 868 1350 914 Caesi,

164 945 394 982 Caetriboni
418 943 634 987 silvestres,
657 943 750 981 dein
777 941 982 994 Megallae
1007 942 1193 992 (quorum
1218 944 1301 992 regi
1326 955 1350 979 n

166 1017 385 1068 elephanti,
416 1017 599 1067 peditum
630 1019 896 1067 equitumque
926 1027 1114 1051 numerus
1145 1015 1350 1064 incertus),

166 1089 346 1141 Chrysei,
378 1089 644 1140 Parasangae,
676 1089 856 1139 Asmagi,
886 1090 980 1138 tigri
1011 1086 1096 1124 fera
1125 1092 1351 1130 scatentes3

166 1170 322 1201 armant
353 1162 536 1212 peditum
567 1162 654 1206 iffi,
683 1161 919 1212 elephantos
949 1172 1028 1204 cce,
1058 1162 1214 1210 equites
1245 1172 1350 1197 Dece.

167 1236 237 1273 hos
268 1236 390 1272 Indus
419 1235 586 1272 includit
615 1237 813 1271 montium
841 1246 986 1271 corona
1014 1232 1280 1269 circumdatos
1310 1237 1351 1269 et

166 1308 457 1347 solitudinibus.
516 1319 637 1344 ncxxv
669 1306 772 1344 infra
803 1305 1038 1344 solitudines
1072 1304 1184 1348 Dari,
1214 1303 1353 1349 Surae,

167 1385 395 1431 iterumque
408 1379 642 1418 solitudines
656 1393 727 1429 per
739 1381 936 1422 Hxxxvu,
946 1377 1184 1428 plerumque
1196 1376 1352 1415 harenis

169 1454 437 1491 ambientibus
478 1452 576 1489 haut
617 1451 694 1488 alio
734 1450 852 1487 modo
893 1463 1013 1500 quam
1054 1449 1201 1487 insulas
1240 1451 1352 1487 mari.

170 1527 271 1564 infra
309 1527 469 1564 deserta
507 1524 606 1562 haec
646 1523 935 1566 Maltaecorae‚
972 1521 1133 1573 Singae,
1174 1521 1354 1567 Moroae,

171 1600 397 1650 Rarungae,
455 1598 628 1635 Moruni.
682 1596 721 1633 hi
781 1599 980 1633 montium
1035 1598 1101 1646 qui
1157 1601 1354 1645 perpetuo

169 1679 301 1710 tractu
315 1674 452 1709 oceani
467 1674 508 1707 in
520 1671 534 1694 ¹
548 1683 616 1707 ora
629 1672 835 1720 pei-tinent
851 1668 1006 1705 incolae
1021 1668 1133 1705 liberi
1151 1674 1192 1705 et
1214 1680 1353 1717 regum

171 1752 358 1795 expertes
392 1747 527 1781 multis
562 1743 724 1779 urbibus
758 1747 969 1778 montanos
1002 1743 1188 1790 optinent
1221 1739 1353 1777 colles.

173 1818 328 1854 Nareae
359 1816 519 1858 deinde,
551 1829 648 1865 quos
677 1814 829 1852 claudit
860 1826 973 1850 mons
1003 1813 1218 1850 altissimus
1250 1811 1355 1850 Indi-

171 1903 306 1927 corum
331 1888 542 1938 Capitalia.
596 1887 711 1924 huius
736 1886 890 1923 incolae
913 1885 990 1923 alio
1014 1885 1142 1923 latere
1165 1884 1247 1922 late
1271 1887 1354 1922 auri

597 1981 609 2001 ¹
634 1982 666 2013 in
683 1981 758 2013 add.
779 1980 940 2019 Maylwff.

173 2059 241 2094 39²
