1515 2351
392 126 582 163 PLINY:
634 126 899 164 NATURAL
935 125 1174 165 HISTORY

189 234 385 268 tinentem
408 230 728 281 Trogodytarum
753 232 795 273 ἰς
834 230 1002 275 Thoani‚
1026 231 1184 276 Actaei,
1206 229 1373 268 Chatra-

186 299 370 339 motitae,
394 295 612 339 Tonabaei,
637 294 871 332 Antiadalei
896 300 938 332 et
964 294 1185 339 Lexianae,
1210 295 1373 346 Agraei,

187 359 373 403 Cerbani,
401 358 545 396 Sabaei
567 359 748 396 Arabum
776 365 940 410 propter
967 365 1059 396 tura
1087 359 1293 396 clarissimi
1323 358 1374 396 ad

186 430 358 474 utraque
380 426 508 460 maria
529 427 721 474 porrectis
743 424 945 474 gentibus.
1000 423 1149 473 oppida
1172 436 1310 461 eorum
1331 425 1372 460 in

186 487 321 525 Rubro
359 487 476 525 litore
516 487 688 532 Merme,
728 487 903 532 Marma,
941 487 1114 532 Corolia,
1152 486 1374 532 Sabbatha,

185 555 292 590 intus
313 552 461 602 oppida
482 551 647 597 Nascus,
668 551 865 597 Cardava,
885 551 1038 590 Carnus
1059 558 1101 590 et
1122 565 1201 603 quo
1221 564 1373 589 mercoe

106 622 165 652 155
185 616 352 654 odorum
376 616 565 654 deferunt
587 616 798 654 Thomala.
851 629 943 667 pars
969 629 1105 654 eorum
1131 617 1374 661 Atramitae,

186 694 355 732 quorum
386 687 509 732 caput
541 680 693 719 Sabota
725 693 772 718 Lx
802 681 958 731 templa
989 683 1111 718 muris
1143 680 1374 725 includens3

185 748 297 797 regia
324 744 493 784 tamenl
522 749 700 784 omnium
731 745 1003 783 Mareliabata
1031 748 1161 783 sinum
1185 744 1375 783 obtinet²

185 810 289 855 iffi,
309 809 502 848 refertum
526 810 664 848 insulis
687 810 906 848 odoriferis.
961 811 1172 848 Atramitis
1191 813 1232 848 in
1251 809 1376 848 medi-

184 880 372 913 terraneo
420 878 641 926 iunguntur
692 875 868 919 Minaei;
939 887 1053 912 mare
1099 874 1284 912 accolunt
1333 880 1375 912 et

185 939 417 977 Aelamitae
436 940 583 990 oppido
605 940 784 977 eiusdem
804 942 988 984 nominis,
1008 942 1054 976 iis
1075 941 1200 977 iuncti
1220 938 1374 976 Chacu-

183 1003 294 1042 latae
313 1005 461 1055 oppido
476 1004 492 1028 ³
511 1003 593 1042 Sibi
613 1004 721 1055 quod
741 1004 886 1042 Graeci
906 1005 1072 1054 Apaten
1091 1009 1250 1048 vocant,
1270 1004 1374 1048 Arsi,

186 1068 353 1114 Codani,
371 1069 525 1106 Vadaei
543 1069 691 1119 oppido
709 1082 856 1120 magno
874 1069 1084 1113 Barasasa,
1101 1074 1143 1106 et
1163 1067 1375 1112 Lechieni;

185 1133 357 1185 Sygaros
387 1134 515 1171 insula
541 1147 664 1185 quam
688 1147 808 1171 canes
835 1146 915 1171 non
939 1136 1093 1170 intrant
1120 1135 1375 1183 expositique

104 1203 164 1234 156
183 1201 287 1235 circa
319 1198 438 1236 litora
472 1198 642 1236 errando
679 1201 914 1236 moriuntur.
969 1200 1076 1235 sinus
1122 1200 1288 1235 intimus
1335 1200 1375 1235 in

185 1276 263 1314 quo
290 1263 527 1308 Laeanitae,
553 1266 620 1314 qui
645 1276 792 1300 nomen
817 1266 854 1300 ei
878 1262 1039 1300 dedere.
1100 1264 1211 1313 regia
1236 1275 1372 1299 eorum

184 1328 296 1379 Agra
316 1334 358 1366 et
378 1331 418 1365 in
438 1331 527 1365 sinu
548 1327 713 1365 Laeana
734 1327 810 1372 vel,
830 1333 876 1365 ut
898 1327 980 1372 alii,
1000 1326 1180 1371 Aelana;
1217 1339 1310 1364 nam
1331 1332 1374 1364 et

183 1395 313 1442 ipsum
363 1395 492 1430 sinum
534 1395 658 1430 nostri
703 1390 1010 1429 Laeaniticum*
1055 1394 1260 1441 scripsere,
1306 1390 1374 1428 alii

184 1457 470 1501 Aelaniticum,
494 1457 772 1494 Artemidorus
795 1456 1081 1500 Alaeniticum,
1106 1455 1207 1492 Iuba
1231 1454 1375 1493 Leani-

182 1521 339 1558 ticum.⁵
373 1524 559 1559 circuitus
583 1521 760 1558 Arabiae
773 1534 796 1558 a
809 1520 990 1558 Charace
1006 1520 1171 1557 Laeana
1185 1519 1375 1570 colligere

395 1643 407 1663 ²
433 1641 488 1674 VJ.
504 1648 621 1674 tamon
638 1648 702 1675 est.

396 1686 408 1705 ²
436 1685 489 1717 VJ.
506 1687 675 1717 obtinent.

395 1730 408 1748 ³
431 1729 584 1769 oppido?
616 1729 788 1769 Mayhoff:
817 1729 997 1770 oppidum.

395 1773 407 1791 ⁴
433 1772 596 1812 Magnum,
613 1773 653 1813 cs.
675 1774 746 1806 165.
765 1772 802 1803 ν.
820 1774 883 1803 65:
914 1772 1156 1803 Aelaniticum.

394 1815 406 1833 ·''
435 1815 598 1856 Mayhoff,
616 1815 657 1857 cs.
677 1815 762 1847 Ptol.
782 1814 841 1847 VI.
860 1816 959 1847 6.18:
991 1815 1218 1846 Laeniticum.

224 1995 246 2015 ⁸·
260 1988 275 2008 ⁴
299 1989 390 2020 Both
408 1999 524 2020 names
540 1999 630 2021 seem
647 1993 684 2020 to
699 1990 837 2021 survive
853 1990 886 2020 in
905 1988 962 2020 the
979 1998 1079 2020 name
1097 1988 1313 2020 Hadramaut

130 2063 201 2099 454
