1515 2351
141 518 182 549 46

140 1034 181 1065 47

141 1550 183 1582 48

407 150 575 189 PLINY
590 165 599 188 :
651 151 916 190 NATURAL
954 152 1191 191 HISTORY

208 259 314 293 inter
341 268 452 293 arma
476 257 696 305 mortisque
725 254 826 292 adeo
851 256 1024 294 obnoxio
1051 269 1226 301 accessu,
1247 256 1394 294 infelici

210 322 325 357 terris
368 322 492 369 stirpe
537 321 643 356 omni
687 319 759 356 sed
802 332 874 370 per
917 325 1109 370 utrasque
1154 321 1395 371 Agrippinas

208 387 397 428 maxime,
437 397 540 434 quae
581 383 741 428 Gaium,
782 397 885 434 quae
927 384 1152 421 Domitium
1193 384 1395 423 Neronem

208 451 406 499 principes
445 461 622 499 genuere
662 447 835 485 totidem
874 447 982 485 faces
1021 451 1179 499 generis
1218 448 1396 496 humani,

207 519 419 563 praeterea
445 513 646 549 brevitate
674 515 761 550 aevi
790 515 1124 563 quinquagesimo
1152 527 1230 550 uno
1257 520 1396 564 raptus

209 591 313 615 anno
338 579 378 614 in
393 578 408 602 1
435 579 648 614 tormentis
674 576 961 614 adulteriorum
987 580 1165 628 coniugis
1190 580 1396 629 socerique

208 644 416 692 praegravi
473 643 648 685 servitio,
704 641 822 678 luisse
879 644 1091 692 augurium
1147 645 1396 693 praeposteri

209 706 353 743 natalis
389 708 655 743 existimatur.
712 705 914 742 Neronem
950 719 1110 756 quoque
1146 706 1265 757 paulo
1301 713 1396 745 ante

209 773 429 821 principem
467 776 509 807 et
546 776 634 807 toto
670 772 898 821 principatu
935 783 1006 807 suo
1043 769 1201 808 hostem
1238 774 1396 822 generis

207 835 549 885 humanipedibus
563 837 746 885 genitum
759 835 896 871 scribit
908 848 1053 885 parens
1061 838 1146 872 eius
1159 836 1394 887 Agrippina.

209 902 308 937 ritus
323 899 339 923 ²
356 906 524 936 naturae
540 902 672 949 capite
688 898 891 936 hominem
907 901 1033 950 gigni,
1048 912 1133 936 mos
1149 905 1212 937 est
1226 900 1396 950 pedibus

209 963 350 1001 efferri.

259 1028 329 1066 IX.
352 1030 608 1079 Auspicatius
630 1041 651 1065 e
668 1033 813 1065 necata
825 1027 841 1051 ³
856 1034 1025 1078 parente
1042 1031 1279 1080 gignuntur,
1293 1031 1397 1068 sicut

208 1093 339 1144 Scipio
365 1092 576 1130 Africanus
601 1095 707 1143 prior
732 1098 850 1129 natus
875 1095 1106 1143 primusque
1132 1092 1349 1131 Caesarum
1373 1108 1397 1132 a

209 1171 325 1195 caeso
348 1160 487 1195 matris
504 1163 619 1195 utero
642 1157 788 1201 dictus,
812 1170 891 1207 qua
914 1157 964 1194 de
987 1170 1107 1194 causa
1130 1163 1173 1194 et
1196 1157 1396 1196 Caesones

209 1222 413 1273 appellati.
468 1222 584 1259 simili
602 1222 721 1259 modo
739 1227 857 1258 natus
876 1227 918 1259 et
938 1221 1127 1259 Manilius
1145 1225 1212 1272 qui
1231 1222 1397 1260 Cartha-

208 1290 344 1338 ginem
357 1301 447 1324 cum
462 1289 642 1324 exercitu
655 1288 831 1323 intravit.
871 1286 918 1323 X.
935 1286 1124 1337 Vopiscos
1137 1286 1397 1338 appellabant

211 1365 232 1389 e
278 1354 447 1403 geminis
494 1354 559 1402 qui
607 1353 756 1388 retenti
803 1356 918 1388 utero
964 1357 1225 1388 nascerentur
1269 1352 1396 1390 altero

209 1419 454 1467 interempto
480 1417 851 1466 abortu—namque
878 1418 1054 1452 maxima
1079 1417 1155 1453 etsi
1181 1429 1269 1453 rara
1293 1419 1397 1454 circa

209 1480 282 1518 hoc
303 1481 493 1518 miracula
513 1483 705 1518 existunt.

257 1545 328 1583 XI.
345 1544 511 1582 Praeter
526 1545 734 1582 mulierem
747 1558 875 1595 pauca
888 1544 1075 1581 animalia
1086 1547 1236 1582 coitum
1250 1559 1396 1584 novere

207 1610 386 1661 gravida,
417 1624 540 1647 unum
571 1609 734 1660 quidem
765 1611 926 1646 omnino
957 1615 1026 1646 aut
1058 1609 1230 1646 alterum
1260 1623 1397 1661 super-

210 1673 325 1711 fetat.
385 1680 500 1712 extat
527 1677 566 1711 in
593 1676 850 1711 monimentis
878 1673 1124 1711 medicorum
1156 1679 1198 1711 et
1229 1675 1395 1713 corum⁴

209 1740 353 1789 quibus
371 1739 464 1776 talia
475 1741 697 1775 consectari
709 1751 827 1775 curae
843 1737 919 1775 suit
933 1751 1011 1775 uno
1026 1739 1169 1775 abortu
1183 1738 1395 1777 duodecim

307 1834 319 1853 ¹
343 1833 431 1872 [in]?
448 1832 626 1864 Rackham.
876 1833 889 1851 ²
912 1831 1112 1864 llardomn:
1142 1833 1220 1864 ritu.

308 1874 322 1894 ⁸
352 1876 412 1907 VJ.
429 1879 560 1907 enecta..
873 1875 886 1894 ⁴
909 1885 1028 1906 corum
1044 1875 1118 1907 add.
1138 1875 1317 1909 Rackham.

269 2022 282 2037 ⁸
305 2017 376 2049 The
393 2023 460 2049 two
478 2017 691 2058 Agrippinas.
875 2015 887 2035 ⁶
908 2016 1013 2049 Julia.
1196 2021 1208 2036 ⁶
1228 2015 1351 2050 Julius.

213 2079 284 2127 536
