1515 2351
152 273 211 304 187

152 829 213 860 188

434 164 602 203 PLINY
616 179 625 203 :
677 166 943 204 NATURAL
979 166 1219 206 HISTORY

288 267 392 306 LIV.
426 269 564 319 Ipsum
603 282 785 307 cremare
829 268 940 319 apud
984 269 1185 307 Romanos
1223 283 1302 307 non
1344 271 1421 308 fuit

235 333 383 368 veteris
418 333 614 375 instituti;
647 335 757 367 terra
788 330 1078 368 condebantur.
1132 337 1175 368 at
1206 337 1420 383 postquam

233 391 458 442 longinquis
484 391 600 428 bellis
626 391 790 428 obrutos
817 394 901 429 erui
929 405 1170 443 eognovere,
1188 398 1285 430 tunc
1310 395 1421 431 insti-

235 459 384 491 tutum.
416 459 458 490 et
483 458 621 490 tamen
648 453 800 490 multae
826 453 1003 491 familiae
1035 457 1183 503 priscos
1211 467 1421 492 servavere

235 518 349 560 ritus,
387 517 490 552 sicut
505 518 546 551 in
563 514 749 551 Cornelia
764 527 882 552 nemo
898 521 993 552 ante
1009 513 1160 552 Sullam
1179 515 1419 554 dictatorem

233 576 408 614 traditur
435 582 651 621 crematus,
679 576 799 626 idque
828 576 997 614 voluisse
1026 580 1199 614 veritum
1226 577 1419 616 talionem

235 644 351 675 eruto
374 637 418 675 C.
446 638 551 675 Mari
572 637 780 675 cadavere.
834 636 1030 689 [sepultus
1054 651 1149 676 vero
1170 639 1421 690 intellegitur

235 713 394 751 quoquo
458 699 577 737 modo
632 699 829 744 conditus,
883 699 1070 737 humatus
1138 713 1232 738 vero
1298 700 1420 740 humo

234 761 494 814 contectus.]1

290 823 371 861 LV.
407 823 503 861 Post
529 823 777 873 sepulturam
808 823 971 860 variae²
1010 826 1188 861 manium
1216 825 1419 876 ambageS.

234 885 416 923 omnibus
432 898 455 921 a
471 898 659 935 supremo
671 885 735 922 die
752 885 895 922 eadem
911 898 1014 935 quae
1031 891 1126 923 ante
1143 889 1331 935 primum,
1346 900 1419 924 nec

234 950 361 997 magis
388 960 411 984 a
437 953 567 984 morte
594 960 731 984 sensus
758 946 860 983 ullus
888 952 958 984 aut
983 950 1138 997 corpori
1165 953 1235 985 aut
1262 951 1420 987 animae

235 1021 356 1059 quam
376 1015 472 1046 ante
491 1008 868 1046 natalem—eadem
888 1011 995 1047 enim
1011 1011 1166 1046 vanitas
1182 1012 1223 1046 in
1238 1010 1418 1047 futurum

236 1073 360 1108 etiam
379 1083 423 1108 se
442 1076 640 1120 propagat
663 1076 705 1107 et
727 1073 766 1106 in
786 1073 925 1107 mortis
946 1083 1105 1121 quoque
1124 1077 1310 1121 tempora
1334 1075 1420 1122 ipsa

233 1132 308 1169 sibi
344 1134 468 1170 vitam
503 1135 712 1176 mentitur,
747 1132 843 1168 alias
879 1132 1213 1170 inmortalitatem
1248 1136 1420 1178 animae,

235 1194 331 1231 alias
349 1194 758 1245 transfigurationem,
777 1194 872 1230 alias
891 1207 1052 1231 sensum
1071 1193 1207 1231 inferis
1226 1194 1358 1232 dando
1378 1201 1420 1233 et

235 1268 373 1293 manes
409 1255 577 1293 colendo
614 1255 816 1306 deumque
853 1255 1036 1292 faciendo
1074 1258 1140 1306 qui
1180 1259 1258 1293 iam
1296 1259 1419 1294 etiam

235 1315 353 1354 homo
371 1329 458 1355 esse
474 1316 765 1354 desierit—ceu
783 1330 877 1354 vero
894 1317 975 1354 ullo
991 1317 1109 1354 modo
1126 1317 1301 1367 spirandi
1318 1321 1420 1356 ratio

234 1382 379 1417 ceteris
399 1379 636 1417 animalibus
657 1379 796 1423 distet,
816 1385 887 1416 aut
907 1392 987 1416 non
1008 1379 1258 1417 diuturniora
1278 1383 1319 1417 in
1339 1383 1421 1418 vita

235 1440 363 1478 multa
405 1444 659 1491 reperiantur
704 1441 846 1491 quibus
891 1454 1010 1478 nemo
1053 1441 1225 1479 similem
1268 1441 1420 1480 divinat

154 1507 215 1538 189
241 1503 583 1540 inmortalitatem.
639 1502 746 1553 quod
761 1509 898 1540 autem
913 1515 1055 1552 corpus
1076 1506 1236 1541 animae
1256 1516 1329 1554 per
1349 1504 1419 1542 se?

236 1577 339 1615 quae
368 1564 565 1601 materia?
619 1564 686 1601 ubi
714 1567 907 1615 cogitatio
935 1564 1019 1601 illi?
1073 1565 1272 1615 quomodo
1302 1567 1420 1611 visus,

236 1625 410 1670 auditus,
431 1632 501 1663 aut
523 1629 590 1676 qui
612 1625 771 1676 tangit?
826 1629 912 1676 quis
935 1639 1027 1663 usus
1050 1639 1099 1663 ex
1121 1629 1167 1662 iis
1182 1625 1198 1650 ³
1220 1632 1290 1664 aut
1312 1627 1418 1677 quod

235 1689 320 1725 sine
340 1690 386 1724 iis
407 1687 584 1724 bonum?
639 1701 741 1738 quae
763 1687 908 1724 deinde
929 1687 1044 1725 sedes
1066 1694 1267 1738 quantave
1287 1688 1421 1726 multi-

609 1774 621 1793 ι
645 1773 726 1804 secl.
744 1773 905 1813 Mayhoff.

611 1816 623 1835 ²
647 1826 757 1847 vanae
773 1816 948 1858 Dellefsen.

613 1860 626 1878 ⁸
651 1859 826 1900 Mayhoff:
856 1869 938 1890 usus
952 1859 1036 1891 eius.

233 2024 244 2055 ι
279 1988 292 2001 ⁰
314 1982 395 2014 This
416 1987 576 2014 sentence
596 1982 694 2014 reads
715 1982 781 2013 like
798 1992 843 2013 an
864 1982 1092 2024 interpolaoed
1110 1987 1191 2014 note
1207 1993 1252 2014 on
1270 1984 1417 2016 vocabu·

246 2035 317 2066 ary.

235 2087 305 2135 632
