<?xml version="1.0" encoding="UTF-8"?>
<!DOCTYPE html PUBLIC "-//W3C//DTD XHTML 1.0 Transitional//EN"
    "http://www.w3.org/TR/xhtml1/DTD/xhtml1-transitional.dtd">
<html xmlns="http://www.w3.org/1999/xhtml" xml:lang="en" lang="en">
 <head>
  <title>
</title>
<meta http-equiv="Content-Type" content="text/html;charset=utf-8" />
  <meta name='ocr-system' content='tesseract 3.04.00' />
  <meta name='ocr-capabilities' content='ocr_page ocr_carea ocr_par ocr_line ocrx_word'/>
</head>
<body>
  <div class='ocr_page' id='page_1' title='image "./naturalhistory02plinuoft/naturalhistory02plinuoft_0304.png"; bbox 0 0 1515 2351; ppageno 0'>
   <div class='ocr_carea' id='block_1_1' title="bbox 101 634 141 664">
    <p class='ocr_par' dir='ltr' id='par_1_1' title="bbox 101 634 141 664">
     <span class='ocr_line' id='line_1_1' title="bbox 101 634 141 664; baseline 0 0"><span class='ocrx_word' id='word_1_1' title='bbox 101 634 141 664; x_wconf 85' lang='lat'>89</span> 
     </span>
    </p>
   </div>
   <div class='ocr_carea' id='block_1_2' title="bbox 99 1087 141 1117">
    <p class='ocr_par' dir='ltr' id='par_1_2' title="bbox 99 1087 141 1117">
     <span class='ocr_line' id='line_1_2' title="bbox 99 1087 141 1117; baseline 0.024 -1"><span class='ocrx_word' id='word_1_2' title='bbox 99 1087 141 1117; x_wconf 59' lang='grc' dir='ltr'>ΒΟ</span> 
     </span>
    </p>
   </div>
   <div class='ocr_carea' id='block_1_3' title="bbox 97 1798 135 1829">
    <p class='ocr_par' dir='ltr' id='par_1_3' title="bbox 97 1798 135 1829">
     <span class='ocr_line' id='line_1_3' title="bbox 97 1798 135 1829; baseline -0.026 0"><span class='ocrx_word' id='word_1_3' title='bbox 97 1798 135 1829; x_wconf 82' lang='grc'>91</span> 
     </span>
    </p>
   </div>
   <div class='ocr_carea' id='block_1_4' title="bbox 375 135 1157 174">
    <p class='ocr_par' dir='ltr' id='par_1_4' title="bbox 375 135 1157 174">
     <span class='ocr_line' id='line_1_4' title="bbox 375 135 1157 174; baseline -0.001 0"><span class='ocrx_word' id='word_1_4' title='bbox 375 136 564 174; x_wconf 87' lang='lat' dir='ltr'>PLINY:</span> <span class='ocrx_word' id='word_1_5' title='bbox 618 136 882 174; x_wconf 84' lang='lat' dir='ltr'>NATURAL</span> <span class='ocrx_word' id='word_1_6' title='bbox 919 135 1157 174; x_wconf 90' lang='lat' dir='ltr'>HISTORY</span> 
     </span>
    </p>
   </div>
   <div class='ocr_carea' id='block_1_5' title="bbox 166 241 1359 1715">
    <p class='ocr_par' dir='ltr' id='par_1_5' title="bbox 169 241 1359 614">
     <span class='ocr_line' id='line_1_5' title="bbox 172 241 1358 292; baseline -0.001 -14"><span class='ocrx_word' id='word_1_7' title='bbox 172 255 302 292; x_wconf 86' lang='lat' dir='ltr'>agros,</span> <span class='ocrx_word' id='word_1_8' title='bbox 317 254 363 278; x_wconf 91' lang='lat' dir='ltr'>ac</span> <span class='ocrx_word' id='word_1_9' title='bbox 378 241 487 279; x_wconf 88' lang='lat' dir='ltr'>velut</span> <span class='ocrx_word' id='word_1_10' title='bbox 503 244 619 279; x_wconf 88' lang='lat' dir='ltr'>terris</span> <span class='ocrx_word' id='word_1_11' title='bbox 635 247 827 290; x_wconf 77' lang='lat' dir='ltr'>exempta</span> <span class='ocrx_word' id='word_1_12' title='bbox 842 254 863 277; x_wconf 85' lang='lat' dir='ltr'>a</span> <span class='ocrx_word' id='word_1_13' title='bbox 880 253 1012 278; x_wconf 90' lang='lat' dir='ltr'>rerum</span> <span class='ocrx_word' id='word_1_14' title='bbox 1028 246 1187 284; x_wconf 87' lang='lat' dir='ltr'>natura,</span> <span class='ocrx_word' id='word_1_15' title='bbox 1201 243 1358 290; x_wconf 87' lang='lat' dir='ltr'>privata</span> 
     </span>
     <span class='ocr_line' id='line_1_6' title="bbox 171 303 1358 356; baseline 0 -13"><span class='ocrx_word' id='word_1_16' title='bbox 171 312 280 343; x_wconf 81' lang='lat' dir='ltr'>sorte</span> <span class='ocrx_word' id='word_1_17' title='bbox 301 309 406 344; x_wconf 89' lang='lat' dir='ltr'>inter</span> <span class='ocrx_word' id='word_1_18' title='bbox 428 306 507 343; x_wconf 90' lang='lat' dir='ltr'>duo</span> <span class='ocrx_word' id='word_1_19' title='bbox 530 308 696 356; x_wconf 91' lang='lat' dir='ltr'>imperia</span> <span class='ocrx_word' id='word_1_20' title='bbox 718 318 875 342; x_wconf 86' lang='lat' dir='ltr'>summa</span> <span class='ocrx_word' id='word_1_21' title='bbox 897 304 1168 342; x_wconf 85' lang='lat' dir='ltr'>Romanorum</span> <span class='ocrx_word' id='word_1_22' title='bbox 1191 303 1358 343; x_wconf 89' lang='lat' dir='ltr'>Partho-</span> 
     </span>
     <span class='ocr_line' id='line_1_7' title="bbox 171 369 1356 421; baseline 0 -13"><span class='ocrx_word' id='word_1_23' title='bbox 171 384 354 421; x_wconf 86' lang='lat' dir='ltr'><strong>rumque,</strong></span> <span class='ocrx_word' id='word_1_24' title='bbox 389 369 461 408; x_wconf 81' lang='lat' dir='ltr'>etl</span> <span class='ocrx_word' id='word_1_25' title='bbox 496 373 624 420; x_wconf 89' lang='lat' dir='ltr'>prima</span> <span class='ocrx_word' id='word_1_26' title='bbox 658 372 699 407; x_wconf 90' lang='lat' dir='ltr'>in</span> <span class='ocrx_word' id='word_1_27' title='bbox 732 369 927 407; x_wconf 70' lang='lat' dir='ltr'>discordia</span> <span class='ocrx_word' id='word_1_28' title='bbox 961 382 1120 420; x_wconf 84' lang='lat' dir='ltr'>semper</span> <span class='ocrx_word' id='word_1_29' title='bbox 1153 372 1356 421; x_wconf 78' lang='lat' dir='ltr'>utrimque</span> 
     </span>
     <span class='ocr_line' id='line_1_8' title="bbox 171 433 1357 485; baseline 0.001 -14"><span class='ocrx_word' id='word_1_30' title='bbox 171 449 277 472; x_wconf 83' lang='lat' dir='ltr'>cura.</span> <span class='ocrx_word' id='word_1_31' title='bbox 333 435 447 473; x_wconf 85' lang='lat' dir='ltr'>abest</span> <span class='ocrx_word' id='word_1_32' title='bbox 468 436 519 472; x_wconf 84' lang='lat' dir='ltr'>ab</span> <span class='ocrx_word' id='word_1_33' title='bbox 539 434 719 472; x_wconf 83' lang='lat' dir='ltr'>Seleucia</span> <span class='ocrx_word' id='word_1_34' title='bbox 740 433 979 472; x_wconf 84' lang='lat' dir='ltr'>Parthorum</span> <span class='ocrx_word' id='word_1_35' title='bbox 999 447 1104 485; x_wconf 88' lang='lat' dir='ltr'>quae</span> <span class='ocrx_word' id='word_1_36' title='bbox 1122 440 1288 472; x_wconf 87' lang='lat' dir='ltr'>vocatur</span> <span class='ocrx_word' id='word_1_37' title='bbox 1306 433 1357 472; x_wconf 91' lang='lat' dir='ltr'>ad</span> 
     </span>
     <span class='ocr_line' id='line_1_9' title="bbox 169 498 1359 550; baseline 0 -14"><span class='ocrx_word' id='word_1_38' title='bbox 169 500 319 550; x_wconf 87' lang='lat' dir='ltr'>Tigrim</span> <span class='ocrx_word' id='word_1_39' title='bbox 353 512 554 536; x_wconf 73' lang='lat' dir='ltr'>cccxxxvu</span> <span class='ocrx_word' id='word_1_40' title='bbox 587 513 643 550; x_wconf 92' lang='lat' dir='ltr'>p.,</span> <span class='ocrx_word' id='word_1_41' title='bbox 675 513 698 536; x_wconf 90' lang='lat' dir='ltr'>a</span> <span class='ocrx_word' id='word_1_42' title='bbox 730 502 912 549; x_wconf 83' lang='lat' dir='ltr'>proximo</span> <span class='ocrx_word' id='word_1_43' title='bbox 944 512 1037 537; x_wconf 89' lang='lat' dir='ltr'>vero</span> <span class='ocrx_word' id='word_1_44' title='bbox 1069 498 1210 550; x_wconf 85' lang='lat' dir='ltr'>Syriae</span> <span class='ocrx_word' id='word_1_45' title='bbox 1240 499 1359 537; x_wconf 87' lang='lat' dir='ltr'>litore</span> 
     </span>
     <span class='ocr_line' id='line_1_10' title="bbox 172 564 905 614; baseline 0 -13"><span class='ocrx_word' id='word_1_46' title='bbox 172 564 265 601; x_wconf 51' lang='grc' dir='ltr'>ἦῆ</span> <span class='ocrx_word' id='word_1_47' title='bbox 287 570 329 601; x_wconf 81' lang='lat' dir='ltr'>et</span> <span class='ocrx_word' id='word_1_48' title='bbox 348 577 370 600; x_wconf 89' lang='lat' dir='ltr'>a</span> <span class='ocrx_word' id='word_1_49' title='bbox 390 564 588 601; x_wconf 85' lang='lat' dir='ltr'>Damasco</span> <span class='ocrx_word' id='word_1_50' title='bbox 607 577 713 601; x_wconf 83' lang='lat' dir='ltr'>xxvn</span> <span class='ocrx_word' id='word_1_51' title='bbox 731 567 905 614; x_wconf 90' lang='lat' dir='ltr'>propius.</span> 
     </span>
    </p>

    <p class='ocr_par' dir='ltr' id='par_1_6' title="bbox 166 628 1356 1715">
     <span class='ocr_line' id='line_1_11' title="bbox 223 628 1356 679; baseline 0.001 -14"><span class='ocrx_word' id='word_1_52' title='bbox 223 628 331 665; x_wconf 87' lang='lat' dir='ltr'>Infra</span> <span class='ocrx_word' id='word_1_53' title='bbox 364 628 576 679; x_wconf 75' lang='lat' dir='ltr'>Palmyrae</span> <span class='ocrx_word' id='word_1_54' title='bbox 607 628 841 666; x_wconf 82' lang='lat' dir='ltr'>solitudines</span> <span class='ocrx_word' id='word_1_55' title='bbox 874 628 1120 666; x_wconf 88' lang='lat' dir='ltr'>Stelendena</span> <span class='ocrx_word' id='word_1_56' title='bbox 1150 631 1262 679; x_wconf 90' lang='lat' dir='ltr'>regio</span> <span class='ocrx_word' id='word_1_57' title='bbox 1295 634 1356 666; x_wconf 89' lang='lat' dir='ltr'>est</span> 
     </span>
     <span class='ocr_line' id='line_1_12' title="bbox 169 692 1356 744; baseline 0 -14"><span class='ocrx_word' id='word_1_58' title='bbox 169 693 384 744; x_wconf 88' lang='lat' dir='ltr'>dictaeque</span> <span class='ocrx_word' id='word_1_59' title='bbox 398 696 479 730; x_wconf 92' lang='lat' dir='ltr'>iam</span> <span class='ocrx_word' id='word_1_60' title='bbox 496 693 721 744; x_wconf 84' lang='lat' dir='ltr'>Hierapolis</span> <span class='ocrx_word' id='word_1_61' title='bbox 738 707 783 730; x_wconf 89' lang='lat' dir='ltr'>ac</span> <span class='ocrx_word' id='word_1_62' title='bbox 799 693 952 731; x_wconf 90' lang='lat' dir='ltr'>Beroea</span> <span class='ocrx_word' id='word_1_63' title='bbox 969 699 1011 731; x_wconf 85' lang='lat' dir='ltr'>et</span> <span class='ocrx_word' id='word_1_64' title='bbox 1026 692 1195 731; x_wconf 90' lang='lat' dir='ltr'>Chalcis.</span> <span class='ocrx_word' id='word_1_65' title='bbox 1251 693 1356 730; x_wconf 87' lang='lat' dir='ltr'>ultra</span> 
     </span>
     <span class='ocr_line' id='line_1_13' title="bbox 170 757 1356 809; baseline 0.001 -15"><span class='ocrx_word' id='word_1_66' title='bbox 170 757 398 808; x_wconf 88' lang='lat' dir='ltr'>Palmyram</span> <span class='ocrx_word' id='word_1_67' title='bbox 416 771 577 808; x_wconf 90' lang='lat' dir='ltr'>quoque</span> <span class='ocrx_word' id='word_1_68' title='bbox 593 771 642 796; x_wconf 85' lang='lat' dir='ltr'>ex</span> <span class='ocrx_word' id='word_1_69' title='bbox 659 758 939 795; x_wconf 82' lang='lat' dir='ltr'>solitudinibus</span> <span class='ocrx_word' id='word_1_70' title='bbox 955 757 1014 795; x_wconf 93' lang='lat' dir='ltr'>his</span> <span class='ocrx_word' id='word_1_71' title='bbox 1031 757 1182 809; x_wconf 84' lang='lat' dir='ltr'>aliquid</span> <span class='ocrx_word' id='word_1_72' title='bbox 1198 758 1356 796; x_wconf 89' lang='lat' dir='ltr'>obtinet</span> 
     </span>
     <span class='ocr_line' id='line_1_14' title="bbox 170 822 1354 873; baseline 0.001 -14"><span class='ocrx_word' id='word_1_73' title='bbox 170 822 361 867; x_wconf 90' lang='lat' dir='ltr'>Hemesa,</span> <span class='ocrx_word' id='word_1_74' title='bbox 380 826 478 860; x_wconf 84' lang='lat' dir='ltr'>item</span> <span class='ocrx_word' id='word_1_75' title='bbox 497 823 691 867; x_wconf 90' lang='lat' dir='ltr'>Elatium,</span> <span class='ocrx_word' id='word_1_76' title='bbox 709 823 873 860; x_wconf 90' lang='lat' dir='ltr'>dimidio</span> <span class='ocrx_word' id='word_1_77' title='bbox 891 826 1051 873; x_wconf 88' lang='lat' dir='ltr'>propior</span> <span class='ocrx_word' id='word_1_78' title='bbox 1070 822 1217 860; x_wconf 88' lang='lat' dir='ltr'>Petrae</span> <span class='ocrx_word' id='word_1_79' title='bbox 1234 836 1354 873; x_wconf 89' lang='lat' dir='ltr'>quam</span> 
     </span>
     <span class='ocr_line' id='line_1_15' title="bbox 171 886 1354 938; baseline 0.001 -14"><span class='ocrx_word' id='word_1_80' title='bbox 171 888 403 925; x_wconf 84' lang='lat' dir='ltr'>Damascus.</span> <span class='ocrx_word' id='word_1_81' title='bbox 464 901 486 924; x_wconf 90' lang='lat' dir='ltr'>a</span> <span class='ocrx_word' id='word_1_82' title='bbox 520 887 619 925; x_wconf 88' lang='lat' dir='ltr'>Sura</span> <span class='ocrx_word' id='word_1_83' title='bbox 658 894 796 925; x_wconf 83' lang='lat' dir='ltr'>autem</span> <span class='ocrx_word' id='word_1_84' title='bbox 829 890 1012 938; x_wconf 84' lang='lat' dir='ltr'>proxime</span> <span class='ocrx_word' id='word_1_85' title='bbox 1045 893 1107 925; x_wconf 87' lang='lat' dir='ltr'>est</span> <span class='ocrx_word' id='word_1_86' title='bbox 1141 886 1354 925; x_wconf 84' lang='lat' dir='ltr'>Philiscum</span> 
     </span>
     <span class='ocr_line' id='line_1_16' title="bbox 169 951 1354 1003; baseline 0 -14"><span class='ocrx_word' id='word_1_87' title='bbox 169 952 360 1002; x_wconf 87' lang='lat' dir='ltr'>oppidum</span> <span class='ocrx_word' id='word_1_88' title='bbox 380 952 618 989; x_wconf 82' lang='lat' dir='ltr'>Parthorum</span> <span class='ocrx_word' id='word_1_89' title='bbox 636 952 687 990; x_wconf 86' lang='lat' dir='ltr'>ad</span> <span class='ocrx_word' id='word_1_90' title='bbox 705 952 965 1003; x_wconf 69' lang='lat' dir='ltr'>Euphratem</span> <span class='ocrx_word' id='word_1_91' title='bbox 997 953 1048 990; x_wconf 89' lang='lat' dir='ltr'>ab</span> <span class='ocrx_word' id='word_1_92' title='bbox 1066 965 1114 990; x_wconf 90' lang='lat' dir='ltr'>eo</span> <span class='ocrx_word' id='word_1_93' title='bbox 1132 951 1354 990; x_wconf 87' lang='lat' dir='ltr'>Seleuciam</span> 
     </span>
     <span class='ocr_line' id='line_1_17' title="bbox 169 1016 1354 1068; baseline 0.001 -14"><span class='ocrx_word' id='word_1_94' title='bbox 169 1017 322 1054; x_wconf 90' lang='lat' dir='ltr'>dierum</span> <span class='ocrx_word' id='word_1_95' title='bbox 338 1017 478 1054; x_wconf 82' lang='lat' dir='ltr'>decem</span> <span class='ocrx_word' id='word_1_96' title='bbox 493 1020 711 1068; x_wconf 83' lang='lat' dir='ltr'>navigatio,</span> <span class='ocrx_word' id='word_1_97' title='bbox 725 1017 981 1068; x_wconf 90' lang='lat' dir='ltr'>totidemque</span> <span class='ocrx_word' id='word_1_98' title='bbox 994 1017 1079 1055; x_wconf 84' lang='lat' dir='ltr'>fere</span> <span class='ocrx_word' id='word_1_99' title='bbox 1092 1016 1354 1068; x_wconf 86' lang='lat' dir='ltr'>Babylonem.</span> 
     </span>
     <span class='ocr_line' id='line_1_18' title="bbox 169 1081 1355 1133; baseline 0.001 -15"><span class='ocrx_word' id='word_1_100' title='bbox 169 1082 362 1119; x_wconf 82' lang='lat' dir='ltr'>scinditur</span> <span class='ocrx_word' id='word_1_101' title='bbox 392 1081 618 1132; x_wconf 86' lang='lat' dir='ltr'>Euphrates</span> <span class='ocrx_word' id='word_1_102' title='bbox 646 1096 669 1119; x_wconf 91' lang='lat' dir='ltr'>a</span> <span class='ocrx_word' id='word_1_103' title='bbox 699 1083 923 1133; x_wconf 85' lang='lat' dir='ltr'>Zeugmate</span> <span class='ocrx_word' id='word_1_104' title='bbox 954 1094 1119 1118; x_wconf 65' lang='lat' dir='ltr'>nnxxxxi</span> <span class='ocrx_word' id='word_1_105' title='bbox 1182 1095 1221 1132; x_wconf 91' lang='lat' dir='ltr'>p.</span> <span class='ocrx_word' id='word_1_106' title='bbox 1253 1084 1355 1119; x_wconf 87' lang='lat' dir='ltr'>circa</span> 
     </span>
     <span class='ocr_line' id='line_1_19' title="bbox 169 1146 1353 1197; baseline 0.001 -14"><span class='ocrx_word' id='word_1_107' title='bbox 169 1150 296 1184; x_wconf 84' lang='lat' dir='ltr'>vicum</span> <span class='ocrx_word' id='word_1_108' title='bbox 332 1146 546 1191; x_wconf 85' lang='lat' dir='ltr'>Massicen,</span> <span class='ocrx_word' id='word_1_109' title='bbox 578 1153 621 1184; x_wconf 88' lang='lat' dir='ltr'>et</span> <span class='ocrx_word' id='word_1_110' title='bbox 650 1153 768 1197; x_wconf 87' lang='lat' dir='ltr'>parte</span> <span class='ocrx_word' id='word_1_111' title='bbox 797 1147 911 1184; x_wconf 88' lang='lat' dir='ltr'>laeva</span> <span class='ocrx_word' id='word_1_112' title='bbox 942 1149 983 1184; x_wconf 91' lang='lat' dir='ltr'>in</span> <span class='ocrx_word' id='word_1_113' title='bbox 1017 1146 1353 1196; x_wconf 86' lang='lat' dir='ltr'>Mesopotamiam</span> 
     </span>
     <span class='ocr_line' id='line_1_20' title="bbox 168 1211 1353 1262; baseline 0.001 -14"><span class='ocrx_word' id='word_1_114' title='bbox 168 1212 278 1248; x_wconf 82' lang='lat' dir='ltr'>vadit</span> <span class='ocrx_word' id='word_1_115' title='bbox 312 1224 384 1261; x_wconf 89' lang='lat' dir='ltr'>per</span> <span class='ocrx_word' id='word_1_116' title='bbox 418 1215 545 1262; x_wconf 87' lang='lat' dir='ltr'>ipsam</span> <span class='ocrx_word' id='word_1_117' title='bbox 580 1211 818 1255; x_wconf 88' lang='lat' dir='ltr'>Seleuciam,</span> <span class='ocrx_word' id='word_1_118' title='bbox 852 1214 955 1249; x_wconf 87' lang='lat' dir='ltr'>circa</span> <span class='ocrx_word' id='word_1_119' title='bbox 990 1224 1080 1248; x_wconf 89' lang='lat' dir='ltr'>eam</span> <span class='ocrx_word' id='word_1_120' title='bbox 1115 1211 1353 1261; x_wconf 88' lang='lat' dir='ltr'>praefluenti</span> 
     </span>
     <span class='ocr_line' id='line_1_21' title="bbox 168 1275 1354 1327; baseline 0.002 -15"><span class='ocrx_word' id='word_1_121' title='bbox 168 1276 319 1313; x_wconf 86' lang='lat' dir='ltr'>infusus</span> <span class='ocrx_word' id='word_1_122' title='bbox 351 1276 482 1327; x_wconf 86' lang='lat' dir='ltr'>Tigri;</span> <span class='ocrx_word' id='word_1_123' title='bbox 529 1276 758 1314; x_wconf 86' lang='lat' dir='ltr'>dexteriore</span> <span class='ocrx_word' id='word_1_124' title='bbox 790 1282 927 1313; x_wconf 89' lang='lat' dir='ltr'>autem</span> <span class='ocrx_word' id='word_1_125' title='bbox 961 1276 1073 1313; x_wconf 86' lang='lat' dir='ltr'>alveo</span> <span class='ocrx_word' id='word_1_126' title='bbox 1106 1275 1354 1326; x_wconf 88' lang='lat' dir='ltr'>Babylonem</span> 
     </span>
     <span class='ocr_line' id='line_1_22' title="bbox 168 1340 1355 1391; baseline 0.001 -14"><span class='ocrx_word' id='word_1_127' title='bbox 168 1341 370 1391; x_wconf 88' lang='lat' dir='ltr'>quondam</span> <span class='ocrx_word' id='word_1_128' title='bbox 405 1340 634 1379; x_wconf 86' lang='lat' dir='ltr'>Chaldaeae</span> <span class='ocrx_word' id='word_1_129' title='bbox 667 1347 790 1391; x_wconf 90' lang='lat' dir='ltr'>caput</span> <span class='ocrx_word' id='word_1_130' title='bbox 822 1343 942 1391; x_wconf 84' lang='lat' dir='ltr'>petit,</span> <span class='ocrx_word' id='word_1_131' title='bbox 977 1340 1235 1391; x_wconf 88' lang='lat' dir='ltr'>mediamque</span> <span class='ocrx_word' id='word_1_132' title='bbox 1268 1354 1355 1391; x_wconf 87' lang='lat' dir='ltr'>per-</span> 
     </span>
     <span class='ocr_line' id='line_1_23' title="bbox 168 1404 1353 1456; baseline 0 -14"><span class='ocrx_word' id='word_1_133' title='bbox 168 1419 320 1450; x_wconf 86' lang='lat' dir='ltr'>means,</span> <span class='ocrx_word' id='word_1_134' title='bbox 351 1408 449 1443; x_wconf 87' lang='lat' dir='ltr'>item</span> <span class='ocrx_word' id='word_1_135' title='bbox 481 1419 600 1456; x_wconf 84' lang='lat' dir='ltr'>quam</span> <span class='ocrx_word' id='word_1_136' title='bbox 635 1405 830 1443; x_wconf 85' lang='lat' dir='ltr'>Mothrim</span> <span class='ocrx_word' id='word_1_137' title='bbox 862 1411 1020 1450; x_wconf 87' lang='lat' dir='ltr'>vocant,</span> <span class='ocrx_word' id='word_1_138' title='bbox 1050 1404 1285 1442; x_wconf 86' lang='lat' dir='ltr'>distrahitur</span> <span class='ocrx_word' id='word_1_139' title='bbox 1314 1408 1353 1443; x_wconf 94' lang='lat' dir='ltr'>in</span> 
     </span>
     <span class='ocr_line' id='line_1_24' title="bbox 167 1469 1354 1520; baseline 0 -13"><span class='ocrx_word' id='word_1_140' title='bbox 167 1470 345 1520; x_wconf 86' lang='lat' dir='ltr'>paludes.</span> <span class='ocrx_word' id='word_1_141' title='bbox 401 1473 586 1507; x_wconf 80' lang='lat' dir='ltr'>increscit</span> <span class='ocrx_word' id='word_1_142' title='bbox 617 1476 754 1508; x_wconf 84' lang='lat' dir='ltr'>autem</span> <span class='ocrx_word' id='word_1_143' title='bbox 788 1477 830 1508; x_wconf 93' lang='lat' dir='ltr'>et</span> <span class='ocrx_word' id='word_1_144' title='bbox 861 1473 946 1520; x_wconf 91' lang='lat' dir='ltr'>ipse</span> <span class='ocrx_word' id='word_1_145' title='bbox 979 1469 1057 1506; x_wconf 93' lang='lat' dir='ltr'>Nili</span> <span class='ocrx_word' id='word_1_146' title='bbox 1088 1469 1208 1507; x_wconf 93' lang='lat' dir='ltr'>modo</span> <span class='ocrx_word' id='word_1_147' title='bbox 1238 1473 1354 1507; x_wconf 88' lang='lat' dir='ltr'>statis</span> 
     </span>
     <span class='ocr_line' id='line_1_25' title="bbox 167 1534 1353 1585; baseline 0 -13"><span class='ocrx_word' id='word_1_148' title='bbox 167 1535 307 1572; x_wconf 91' lang='lat' dir='ltr'>diebus</span> <span class='ocrx_word' id='word_1_149' title='bbox 335 1535 499 1585; x_wconf 88' lang='lat' dir='ltr'>paulum</span> <span class='ocrx_word' id='word_1_150' title='bbox 527 1535 714 1572; x_wconf 85' lang='lat' dir='ltr'>differens</span> <span class='ocrx_word' id='word_1_151' title='bbox 742 1549 787 1572; x_wconf 89' lang='lat' dir='ltr'>ac</span> <span class='ocrx_word' id='word_1_152' title='bbox 818 1535 1156 1585; x_wconf 82' lang='lat' dir='ltr'>Mesopotamiam</span> <span class='ocrx_word' id='word_1_153' title='bbox 1185 1534 1353 1572; x_wconf 84' lang='lat' dir='ltr'>inundat</span> 
     </span>
     <span class='ocr_line' id='line_1_26' title="bbox 166 1600 1353 1650; baseline -0.001 -13"><span class='ocrx_word' id='word_1_154' title='bbox 166 1600 250 1637; x_wconf 92' lang='lat' dir='ltr'>sole</span> <span class='ocrx_word' id='word_1_155' title='bbox 281 1603 493 1650; x_wconf 78' lang='lat' dir='ltr'>optinente</span> <span class='ocrx_word' id='word_1_156' title='bbox 527 1613 575 1637; x_wconf 82' lang='lat' dir='ltr'>xx</span> <span class='ocrx_word' id='word_1_157' title='bbox 608 1606 764 1650; x_wconf 85' lang='lat' dir='ltr'>partem</span> <span class='ocrx_word' id='word_1_158' title='bbox 798 1602 952 1643; x_wconf 83' lang='lat' dir='ltr'>cancri3</span> <span class='ocrx_word' id='word_1_159' title='bbox 985 1602 1109 1636; x_wconf 90' lang='lat' dir='ltr'>minui</span> <span class='ocrx_word' id='word_1_160' title='bbox 1143 1601 1281 1649; x_wconf 88' lang='lat' dir='ltr'>incipit</span> <span class='ocrx_word' id='word_1_161' title='bbox 1314 1602 1353 1637; x_wconf 91' lang='lat' dir='ltr'>in</span> 
     </span>
     <span class='ocr_line' id='line_1_27' title="bbox 167 1665 1352 1715; baseline -0.001 -13"><span class='ocrx_word' id='word_1_162' title='bbox 167 1667 360 1715; x_wconf 81' lang='lat' dir='ltr'>virginem</span> <span class='ocrx_word' id='word_1_163' title='bbox 378 1678 400 1702; x_wconf 89' lang='lat' dir='ltr'>e</span> <span class='ocrx_word' id='word_1_164' title='bbox 417 1665 533 1702; x_wconf 89' lang='lat' dir='ltr'>leone</span> <span class='ocrx_word' id='word_1_165' title='bbox 547 1671 811 1715; x_wconf 80' lang='lat' dir='ltr'>transgresso,</span> <span class='ocrx_word' id='word_1_166' title='bbox 827 1667 867 1701; x_wconf 87' lang='lat' dir='ltr'>in</span> <span class='ocrx_word' id='word_1_167' title='bbox 882 1669 1016 1701; x_wconf 89' lang='lat' dir='ltr'>totum</span> <span class='ocrx_word' id='word_1_168' title='bbox 1033 1677 1126 1701; x_wconf 90' lang='lat' dir='ltr'>vero</span> <span class='ocrx_word' id='word_1_169' title='bbox 1142 1669 1298 1702; x_wconf 88' lang='lat' dir='ltr'>remeat</span> <span class='ocrx_word' id='word_1_170' title='bbox 1313 1666 1352 1701; x_wconf 90' lang='lat' dir='ltr'>in</span> 
     </span>
    </p>
   </div>
   <div class='ocr_carea' id='block_1_6' title="bbox 355 499 554 505">
    <p class='ocr_par' dir='ltr' id='par_1_7' title="bbox 355 499 554 505">
     <span class='ocr_line' id='line_1_28' title="bbox 355 499 554 505; baseline 0 0"><span class='ocrx_word' id='word_1_171' title='bbox 355 499 554 505; x_wconf 95' lang='lat' dir='ltr'> </span> 
     </span>
    </p>
   </div>
   <div class='ocr_carea' id='block_1_7' title="bbox 957 1081 1146 1087">
    <p class='ocr_par' dir='ltr' id='par_1_8' title="bbox 957 1081 1146 1087">
     <span class='ocr_line' id='line_1_29' title="bbox 957 1081 1146 1087; baseline 0 0"><span class='ocrx_word' id='word_1_172' title='bbox 957 1081 1146 1087; x_wconf 95' lang='lat' dir='ltr'> </span> 
     </span>
    </p>
   </div>
   <div class='ocr_carea' id='block_1_8' title="bbox 166 1732 1352 1909">
    <p class='ocr_par' dir='ltr' id='par_1_9' title="bbox 166 1732 1352 1909">
     <span class='ocr_line' id='line_1_30' title="bbox 167 1732 584 1780; baseline 0 -14"><span class='ocrx_word' id='word_1_173' title='bbox 167 1742 256 1766; x_wconf 75' lang='lat' dir='ltr'>xxix</span> <span class='ocrx_word' id='word_1_174' title='bbox 275 1735 393 1779; x_wconf 85' lang='lat' dir='ltr'>parte</span> <span class='ocrx_word' id='word_1_175' title='bbox 412 1732 584 1780; x_wconf 78' lang='lat' dir='ltr'>virginis.</span> 
     </span>
     <span class='ocr_line' id='line_1_31' title="bbox 216 1793 1352 1844; baseline 0 -14"><span class='ocrx_word' id='word_1_176' title='bbox 216 1793 350 1830; x_wconf 84' lang='lat' dir='ltr'>XXII.</span> <span class='ocrx_word' id='word_1_177' title='bbox 380 1793 459 1831; x_wconf 89' lang='lat' dir='ltr'>Sed</span> <span class='ocrx_word' id='word_1_178' title='bbox 480 1794 692 1831; x_wconf 86' lang='lat' dir='ltr'>redeamus</span> <span class='ocrx_word' id='word_1_179' title='bbox 713 1794 764 1831; x_wconf 87' lang='lat' dir='ltr'>ad</span> <span class='ocrx_word' id='word_1_180' title='bbox 784 1807 895 1831; x_wconf 84' lang='lat' dir='ltr'>oram</span> <span class='ocrx_word' id='word_1_181' title='bbox 915 1793 1069 1844; x_wconf 86' lang='lat' dir='ltr'>Syriae,</span> <span class='ocrx_word' id='word_1_182' title='bbox 1088 1796 1151 1830; x_wconf 89' lang='lat' dir='ltr'>cui</span> <span class='ocrx_word' id='word_1_183' title='bbox 1171 1796 1352 1843; x_wconf 87' lang='lat' dir='ltr'>proxima</span> 
     </span>
     <span class='ocr_line' id='line_1_32' title="bbox 166 1856 1352 1909; baseline -0.001 -14"><span class='ocrx_word' id='word_1_184' title='bbox 166 1865 227 1896; x_wconf 89' lang='lat' dir='ltr'>est</span> <span class='ocrx_word' id='word_1_185' title='bbox 270 1858 418 1895; x_wconf 82' lang='lat' dir='ltr'>Cilicia.</span> <span class='ocrx_word' id='word_1_186' title='bbox 474 1858 622 1896; x_wconf 89' lang='lat' dir='ltr'>flumen</span> <span class='ocrx_word' id='word_1_187' title='bbox 667 1857 914 1909; x_wconf 86' lang='lat' dir='ltr'>Diaphanes,</span> <span class='ocrx_word' id='word_1_188' title='bbox 955 1870 1068 1895; x_wconf 87' lang='lat' dir='ltr'>mons</span> <span class='ocrx_word' id='word_1_189' title='bbox 1110 1856 1352 1895; x_wconf 86' lang='lat' dir='ltr'>Crocodilus.</span> 
     </span>
    </p>
   </div>
   <div class='ocr_carea' id='block_1_9' title="bbox 168 1982 893 2099">
    <p class='ocr_par' dir='ltr' id='par_1_10' title="bbox 168 1982 893 2099">
     <span class='ocr_line' id='line_1_33' title="bbox 625 1982 893 2026; baseline 0.004 -12"><span class='ocrx_word' id='word_1_190' title='bbox 625 1983 635 2002; x_wconf 90' lang='lat'>¹</span> <span class='ocrx_word' id='word_1_191' title='bbox 661 1987 713 2014; x_wconf 75' lang='lat' dir='ltr'>cst</span> <span class='ocrx_word' id='word_1_192' title='bbox 730 1983 770 2014; x_wconf 86' lang='lat' dir='ltr'><em>M</em></span> <span class='ocrx_word' id='word_1_193' title='bbox 772 1982 893 2026; x_wconf 74' lang='lat' dir='ltr'>aylzoff.</span> 
     </span>
     <span class='ocr_line' id='line_1_34' title="bbox 168 2062 237 2099; baseline 0 0"><span class='ocrx_word' id='word_1_194' title='bbox 168 2062 237 2099; x_wconf 92' lang='lat'>288</span> 
     </span>
    </p>
   </div>
  </div>
 </body>
</html>
