1515 2351
125 522 167 552 30

127 1055 167 1087 31

390 90 558 128 PLINY
572 104 581 128 ε
632 90 897 129 NATURAL
934 89 1171 128 HISTORY

189 195 341 239 Larisa,
367 193 554 245 Gomphi,
579 192 742 231 Thebae
767 192 995 238 Thessalae,
1020 206 1160 232 nemus
1186 192 1370 240 Pteleon,

190 252 296 286 sinus
350 246 574 299 Pagasicu5‚
622 247 812 297 oppidum
864 245 1030 298 Pagasa,
1076 247 1184 285 idem
1229 253 1371 299 postea

192 303 420 339 Demetrias
445 301 612 345 dictum,
636 301 788 345 Tricca,
814 299 989 337 Pharsali
1012 303 1142 351 campi
1166 314 1257 338 cum
1280 303 1371 338 civi-

191 362 277 392 tate
318 355 456 399 libera,
498 354 696 398 Crannon,
739 353 867 391 Iletia.
932 360 1089 392 montes
1131 352 1372 392 Phthiotidis

193 407 452 460 Nymphaeus
482 407 683 458 quondam
713 410 883 458 topiario
913 413 1081 445 naturae
1110 420 1231 458 opere
1261 421 1372 458 spec-

193 462 341 506 tabilis,
356 461 606 512 Buzygaeus,
622 461 891 506 Donacoessa,
906 460 1149 506 Bromiaeus,
1166 460 1372 512 Daphusa,

197 515 448 560 Chimarone,
470 513 680 559 Athamas,
702 513 918 565 Stephane.
972 517 1013 551 in
1033 513 1236 552 Thessalia
1258 520 1372 565 quat-

191 575 282 606 tuor
322 575 445 619 atque
486 571 664 619 triginta,
706 581 874 618 quorum
914 568 1145 605 nobilissimi
1186 568 1373 613 Cercetii,

192 623 389 673 Olympus
417 620 582 666 Pierius,
610 621 724 665 Ossa,
750 624 860 659 cuius
887 634 937 658 ex
964 621 1129 659 adverso
1157 620 1304 659 Pindus
1330 627 1374 659 et

193 676 344 726 Othrys
370 674 631 726 Lapitharum
654 675 784 719 scdeS,
802 674 842 711 hi
866 675 916 712 ad
939 688 1122 712 occasum
1147 681 1374 726 vergentes,

193 729 244 767 ad
259 735 368 766 ortus
385 728 529 773 Pelius,
544 741 682 765 omnes
697 728 884 765 theatrali
900 728 1019 765 modo
1034 728 1184 773 inflexi,
1198 731 1373 766 caveatis

194 789 289 820 ante
327 795 394 819 eos
441 794 537 818 Lxxv
585 782 759 819 urbibus.
815 781 978 819 flumina
1012 781 1240 820 Thessaliae
1277 783 1375 833 Api-

192 837 333 880 danus,
359 835 551 878 Phoenix,
578 835 766 885 Enipeus,
791 835 1045 880 Onochonus‚
1070 834 1262 880 Pamisus,
1285 835 1374 873 fons

197 890 380 934 Messeis,
416 889 523 926 lacus
560 888 742 933 Boebeis,
779 894 821 926 et
858 895 954 926 ante
991 895 1154 927 cunctos
1189 889 1374 927 claritate

196 942 340 980 Penius
380 949 489 980 ortus
528 945 640 979 iuxta
681 941 884 993 Gomphos
923 945 1108 993 interque
1149 942 1292 980 Ossam
1331 948 1374 980 et

195 997 413 1048 Olympum
457 1009 665 1033 nemorosa
707 996 884 1033 convalle
928 996 1108 1034 defluens
1153 1009 1179 1033 D
1222 995 1376 1041 stadiis,

198 1050 362 1088 dimidio
390 1052 473 1087 eius
501 1052 604 1100 spati
632 1049 876 1100 naw'gabilis.
930 1052 971 1087 in
997 1062 1046 1087 eo
1072 1063 1188 1087 cursu
1223 1050 1376 1101 Tempe

194 1109 338 1140 vocant
361 1108 387 1140 V
410 1116 597 1154 passuum
621 1102 871 1154 longitudine
896 1109 938 1140 et
962 1102 1088 1141 ferme
1112 1105 1376 1154 sesquiiugeri

195 1157 409 1194 latitudine
428 1156 531 1193 ultra
547 1159 673 1193 visum
690 1156 859 1194 hominis
876 1157 1154 1194 attollentibus
1171 1170 1214 1194 se
1231 1157 1377 1195 dextra

196 1210 387 1261 laevaque
409 1210 554 1247 leniter
571 1213 758 1247 convexis
778 1213 879 1261 iugis
899 1213 1006 1247 intus
1026 1209 1126 1248 valle
1147 1210 1235 1248 luco
1249 1210 1262 1234 ¹
1287 1212 1375 1247 viri-

194 1264 331 1301 dante.
386 1263 490 1300 hac2
518 1263 664 1300 labitur
692 1262 850 1308 Penius,
875 1266 1024 1301 vitreus
1050 1263 1215 1309 calculo,
1242 1277 1377 1301 amoe-

196 1331 268 1354 nus
300 1320 404 1354 circa
435 1319 540 1368 ripas
573 1320 768 1367 gramine,
800 1330 967 1355 canorus
1001 1320 1132 1354 avium
1164 1323 1375 1355 concentu.

196 1373 338 1421 accipit
373 1384 533 1408 amnem
568 1371 714 1415 Orcon,
748 1384 822 1408 nec
854 1374 1011 1421 recipit,
1043 1371 1115 1409 sed
1148 1371 1224 1409 olei
1259 1371 1378 1408 modo

195 1431 539 1475 supernatantcm,
564 1430 608 1461 ut
633 1424 785 1461 dictum
811 1430 872 1462 est
898 1424 1088 1470 Homero,
1112 1425 1221 1462 brevi
1245 1427 1377 1476 spatio

391 1536 402 1554 ¹
428 1535 590 1576 Dellessen
605 1547 612 1566 :
644 1546 706 1567 sua
723 1534 798 1567 luce
816 1535 915 1575 (silva
933 1535 1002 1567 late
1021 1535 1199 1578 Mayhoff).

385 1578 397 1597 ²
421 1589 460 1610 ac
477 1578 639 1619 Mayhoff.

238 1702 252 1716 ⁰
273 1697 346 1729 The
369 1698 519 1738 iuqerum
540 1708 608 1728 was
631 1698 739 1729 about
761 1697 955 1729 two-thirds
980 1698 1015 1729 of
1040 1708 1083 1729 an
1109 1709 1196 1735 acre,
1223 1698 1286 1730 but
1310 1709 1379 1731 was

194 1740 369 1772 measured
388 1742 420 1772 in
441 1751 485 1771 an
505 1740 630 1781 oblong
650 1742 714 1772 2⁴0
734 1741 774 1772 ft.
796 1740 874 1781 long
896 1741 939 1782 by
963 1742 1023 1773 120
1044 1742 1083 1773 ft.
1107 1741 1223 1778 broad,
1243 1752 1281 1773 so
1301 1741 1379 1774 that

194 1784 271 1814 here
288 1783 504 1825 presumably
522 1784 566 1815 its
584 1783 728 1815 breadth
741 1784 768 1814 is
782 1789 909 1822 meant,
923 1784 1062 1826 making
1076 1784 1134 1815 the
1145 1795 1248 1827 gorgo
1262 1786 1324 1818 180
1336 1785 1377 1817 ft.

193 1837 315 1858 across.

241 1869 252 1888 ⁶
275 1869 319 1901 Il.
339 1868 384 1901 11.
404 1868 516 1901 7515.

366 1922 398 1953 οἴ
411 1921 439 1952 τ’
457 1921 537 1962 ἀμφ’
553 1920 681 1963 ἱμερτὸν
695 1921 921 1963 Τιταρήσιον”
905 1935 983 1964 εργα
998 1922 1142 1962 νέμοντο,

365 1966 400 2000 ὃς
415 1978 433 2006 ρ
461 1964 495 2002 ἐς
514 1964 652 2008 Πηνειὸν
663 1966 766 2007 προΐει
784 1965 974 2007 καλλίρροον
990 1966 1087 2008 ὕδωρ,

202 2039 271 2073 140
