1515 2351
160 352 203 384 60

163 1192 203 1222 61

164 1612 207 1642 62

431 104 517 142 PLI
526 106 622 143 NY:
675 105 941 143 NATURAL
977 103 1216 143 HISTORY

229 207 430 253 Sinuessa,
452 215 679 246 extremum
702 211 743 245 in
762 208 935 246 Adiecto
957 207 1090 252 Latio,
1109 221 1231 259 quarn
1253 207 1415 259 quidam

229 277 404 328 Sinopen
423 278 562 316 dixere
580 282 811 316 vocitatam.

284 347 388 385 Hinc
409 347 505 385 felix
525 348 592 385 illa
613 348 834 398 Campania
855 354 931 392 est,
951 348 1002 384 ab
1021 347 1096 385 hoc
1116 350 1204 385 sinu
1224 350 1419 398 incipiunt

231 417 377 455 vitiferi
406 418 527 455 colles
557 424 598 455 et
628 418 869 455 temulentia
898 418 1040 455 nobilis
1070 431 1164 455 suco
1192 430 1265 467 per
1291 421 1418 455 omnis

230 494 358 525 terras
390 488 556 532 incluto,
588 494 712 538 atque
746 489 808 538 (ut
841 493 999 525 veteres
1031 487 1187 538 dixere)
1219 500 1418 524 summum

233 557 366 595 Liberi
393 557 522 595 Patris
547 572 638 595 cum
664 557 810 595 Cerere
835 563 1055 595 certamen.
1110 556 1201 594 hinc
1225 555 1353 594 Setini
1377 563 1419 595 et

230 627 403 664 Caecubi
432 627 730 677 protenduntur
757 630 865 677 agri;
908 626 967 664 his
997 631 1218 677 iunguntur
1247 626 1419 671 Falerni,

235 697 386 734 Caleni.
432 697 526 734 dein
538 703 784 747 consurgunt
801 697 977 741 Massici,
990 697 1167 733 Gaurani
1181 696 1421 734 Surrentini-

230 780 309 817 que
341 774 511 804 montes.
567 767 619 803 ibi
655 767 841 804 Leborini
872 769 1003 817 campi
1036 772 1272 804 sternuntur
1304 772 1346 804 et
1380 769 1420 803 in

229 836 391 874 delicias
422 837 547 874 alicae
577 837 727 886 politur
757 840 907 874 messis.
963 836 1062 873 haec
1093 836 1210 874 litora
1241 835 1419 874 fontibus

228 907 366 944 calidis
408 911 602 958 rigantur,
644 913 887 957 praeterque
927 913 1065 944 cetera
1108 909 1146 943 in
1188 912 1277 944 toto
1319 909 1419 943 mari

230 976 438 1028 conchylio
488 983 530 1015 et
579 980 687 1027 pisce
738 977 859 1013 nobili
910 976 1168 1014 adnotantur.
1225 989 1420 1027 nusquam

231 1051 461 1097 generosior
488 1047 602 1084 oleae
633 1047 762 1097 liquor
795 1047 889 1091 est‚1
921 1046 995 1084 hoc
1026 1059 1186 1097 quoque
1215 1053 1421 1084 certarnen

233 1116 432 1154 humanae
460 1117 690 1166 voluptatis.
747 1123 916 1154 tenuere
945 1116 1052 1160 Osci,
1079 1116 1238 1160 Graeci,
1265 1115 1422 1161 Umbri,

234 1187 365 1231 Tusci,
403 1186 612 1237 Campani.
668 1190 707 1223 in
745 1200 814 1223 ora
852 1186 954 1224 Savo
989 1185 1143 1231 fluvius,
1181 1185 1420 1223 Volturnum

233 1257 423 1307 oppidum
432 1271 520 1294 curn
531 1270 663 1300 amne,
679 1256 903 1297 Liternum.
916 1256 1068 1293 Cumae
1082 1255 1421 1300 Chalcidensium,

236 1327 453 1370 Misenum,
477 1333 615 1376 portus
642 1327 845 1370 Baiarum,
868 1327 997 1370 Bauli,
1022 1326 1130 1363 lacus
1159 1326 1352 1363 Lucrinus
1380 1332 1421 1363 et

234 1397 431 1440 Avernus,
449 1401 561 1433 iuxta
579 1410 700 1447 quem
718 1397 978 1433 Cimmerium
995 1396 1187 1446 oppidum
1205 1395 1422 1446 quondam,

234 1466 327 1504 dein
374 1466 531 1504 Puteoli
575 1467 730 1504 colonia
778 1465 1050 1504 Dicaearchea
1096 1466 1208 1510 dicti,
1251 1472 1422 1516 postque

234 1536 444 1587 Phlegraei
488 1540 634 1586 campi,
678 1536 899 1574 Acherusia
943 1536 1057 1586 palus
1101 1535 1236 1573 Cumis
1282 1538 1420 1573 vicina.

237 1607 352 1644 litore
371 1613 507 1644 autem
530 1606 717 1656 Neapolis
737 1606 1058 1644 Chalcidensium
1079 1612 1121 1643 et
1140 1609 1239 1656 ipsa,
1257 1604 1421 1643 Parthe-

234 1690 337 1727 nope
383 1690 406 1713 a
451 1676 606 1714 tumulo
651 1676 798 1713 Sirenis
844 1676 1064 1726 appellata,
1110 1675 1423 1720 Herculaneum,

236 1746 399 1797 Pompei
454 1746 561 1783 haud
616 1746 751 1796 procul
805 1752 990 1796 spectato
1043 1751 1182 1783 monte
1238 1744 1422 1789 Vesuvio,

235 1816 426 1854 adluente
453 1830 545 1854 vero
570 1815 695 1853 Sarno
721 1830 853 1860 amne,
879 1830 976 1867 ager
1001 1815 1223 1853 Nucerinus
1249 1821 1290 1852 et
1314 1812 1358 1853 b}
1382 1828 1420 1865 p.

234 1900 256 1924 a
289 1890 387 1923 mari
420 1890 504 1937 ipsa
537 1886 723 1931 Nuceria,
754 1885 992 1923 Surrentum
1022 1899 1114 1923 cum
1144 1887 1422 1936 promunturio

691 1974 700 1992 ¹
729 1972 902 2013 Maylwss:
931 1979 976 2003 ot.

237 2044 283 2078 40
