1515 2351
125 506 186 536 147

126 937 187 967 148

126 1368 187 1398 149

410 152 602 190 PLINY:
654 152 919 190 NATURAL
954 152 1194 191 HISTORY

207 255 315 293 fecto
331 255 456 293 solida
470 255 640 293 felicitas
655 269 778 306 quam
791 255 1036 293 contumelia
1051 255 1133 293 ulla
1146 257 1254 293 vitae
1270 257 1392 306 rupit,

209 317 358 354 nedum
385 323 512 354 tanta.
571 317 679 367 quod
698 322 896 367 superest,
916 319 1049 354 nescio
1068 330 1224 354 morum
1242 316 1392 368 gloriae

209 391 259 415 an
272 378 557 429 indignationis
570 378 695 416 dolori
710 378 891 423 accedat,
903 381 1010 415 inter
1023 384 1086 416 tot
1103 377 1292 415 Metellos
1306 383 1392 415 tam

206 439 443 477 sceleratam
464 439 507 477 C.
529 440 642 477 Atini
662 439 871 477 audaciam
891 452 1050 490 semper
1070 438 1190 477 fuisse
1209 439 1391 476 inultam.

260 501 382 539 XLV.
416 501 463 538 In
475 501 565 539 divo
578 514 737 552 quoque
750 501 950 552 Augusto,
961 514 1083 552 quem
1095 504 1279 539 universa
1290 514 1392 538 mor-

208 562 343 600 talitas
362 566 403 599 in
425 561 498 600 hac
526 576 694 600 censura
720 568 941 613 nuncupet,
966 566 999 600 si
1027 562 1245 613 diligenter
1272 565 1391 600 aesti-

208 630 369 662 mentur
396 631 556 669 cuncta,
583 638 731 675 magna
757 627 878 662 sortis
909 623 1108 662 humanae
1140 627 1393 674 reperiantur

209 686 430 723 volumina:
449 686 608 736 repulsa
625 689 666 723 in
684 688 919 737 magisterio
945 689 1127 736 equitum
1145 685 1253 736 apud
1271 698 1392 723 avun-

206 747 339 784 culum
364 754 406 785 et
431 754 573 786 contra
594 751 835 798 petitionem
863 750 946 785 eius
969 747 1176 798 praelatus
1204 746 1393 797 Lepidus,

208 811 508 858 proscriptionis
525 809 686 854 invidia,
699 809 914 860 collegium
935 812 976 846 in
993 811 1250 846 triumviratu
1270 811 1393 859 pessi-

208 884 365 908 morum
410 873 569 916 civium,
607 884 680 908 nec
727 884 856 922 aequa
897 871 1043 908 saltem
1084 873 1286 922 portione,
1321 870 1393 908 sed

210 935 420 982 praegravi
439 933 631 978 Antonio,
649 931 894 983 Philippensi
910 932 1063 983 proelio
1080 931 1249 970 morbidi
1265 932 1279 956 ¹
1298 931 1393 983 fuga

209 1000 251 1031 et
268 994 403 1031 triduo
422 997 462 1031 in
479 994 626 1044 palude
643 998 795 1045 argroti
814 1000 856 1032 et
874 996 936 1044 (ut
953 994 1134 1032 fatentur
1151 994 1332 1044 Agrippa
1347 1007 1393 1031 ac

211 1055 444 1105 Maecenas)
471 1069 577 1106 aqua
602 1056 743 1093 subter
769 1062 905 1093 cutem
932 1055 1021 1093 fusa
1046 1055 1197 1106 turgidi
1224 1055 1393 1100 latebra,

209 1116 419 1167 naufragia
435 1116 566 1154 Sicula
582 1123 624 1155 et
645 1118 723 1154 alia
738 1118 790 1154 ibi
813 1130 972 1168 quoque
993 1120 1035 1154 in
1054 1117 1245 1167 spelunca
1265 1116 1394 1154 occul-

208 1181 323 1222 tatio,
358 1182 436 1215 iam
474 1182 514 1215 in
551 1179 680 1215 navali
718 1178 815 1230 fuga
852 1184 1023 1230 urgente
1061 1177 1234 1215 hostium
1272 1191 1393 1215 manu

208 1253 346 1290 preces
386 1239 592 1278 Proculeio
630 1243 769 1278 mortis
807 1240 1009 1285 admotae,
1045 1253 1140 1278 cura
1179 1239 1393 1278 Perusinae

207 1304 490 1347 contentionis,
520 1301 748 1340 sollicitudo
781 1302 926 1340 Martis
958 1303 1128 1346 Actiaci,
1159 1301 1392 1339 Pannonicis

210 1363 325 1400 bellis
348 1366 463 1400 ruina
486 1377 508 1401 e
531 1367 647 1408 turri,
668 1370 732 1401 tot
755 1364 970 1401 seditiones
994 1364 1180 1407 militum,
1203 1370 1266 1401 tot
1289 1365 1394 1401 anci-

208 1428 311 1474 pites
329 1425 456 1462 morbi
472 1429 662 1475 corporis,
677 1431 865 1475 suspecta
884 1425 1067 1463 Marcelli
1083 1432 1190 1469 vota,
1205 1424 1394 1475 pudenda

209 1487 414 1536 Agrippae
462 1487 679 1537 ablegatio,
725 1490 875 1524 totiens
922 1490 1054 1537 petita
1100 1486 1250 1523 insidiis
1297 1489 1393 1530 vita,

208 1550 412 1585 incusatae
437 1548 655 1586 liberorum
681 1555 855 1592 mortes;
893 1548 1104 1598 luctusque
1129 1561 1208 1585 non
1232 1553 1392 1585 tantum

208 1609 383 1647 orbitate
399 1613 540 1655 tristis,
556 1609 800 1647 adulterium
817 1610 920 1648 filiae
939 1616 980 1647 et
997 1610 1158 1647 consilia
1174 1609 1393 1660 parricidae

675 1690 687 1709 ¹
710 1690 783 1722 Jan
797 1703 805 1722 ι
838 1690 961 1722 morbi.

253 1807 268 1822 ⁶
289 1803 402 1835 Julius
416 1803 548 1840 Caoear.
564 1804 606 1835 46
622 1812 687 1835 n.c.

255 1846 267 1865 ⁶
292 1847 354 1878 His
376 1846 648 1888 grandchildrem
673 1846 797 1878 Lucius
819 1847 888 1878 and
911 1846 1027 1883 Gaius,
1049 1857 1127 1878 sons
1150 1846 1190 1878 of
1207 1846 1302 1879 «Iulia
1323 1846 1392 1878 and

208 1888 370 1931 Agrippa,
394 1890 504 1921 whom
527 1890 568 1921 he
594 1890 746 1931 adopted
765 1900 802 1921 as
824 1889 875 1921 lu's
901 1900 1002 1926 somn
1034 1888 1123 1921 their
1149 1888 1300 1921 removal
1323 1899 1392 1921 was

208 1933 353 1973 perhaps
376 1932 553 1964 contrived
580 1932 624 1973 by
643 1932 750 1969 Livia,
778 1931 841 1963 but
863 1931 1038 1974 Augustus
1062 1942 1131 1964 was
1153 1931 1334 1974 suspected
1355 1931 1392 1965 of

209 1977 417 2017 complicity,
435 1980 472 2007 to
487 1985 608 2007 ensure
625 1975 684 2007 the
695 1976 885 2007 succession
901 1975 941 2007 of
950 1975 1116 2007 Tiberius.

251 2022 262 2037 ‘
282 2019 387 2050 Julia.

212 2080 282 2124 604
