<?xml version="1.0" encoding="UTF-8"?>
<!DOCTYPE html PUBLIC "-//W3C//DTD XHTML 1.0 Transitional//EN"
    "http://www.w3.org/TR/xhtml1/DTD/xhtml1-transitional.dtd">
<html xmlns="http://www.w3.org/1999/xhtml" xml:lang="en" lang="en">
 <head>
  <title>
</title>
<meta http-equiv="Content-Type" content="text/html;charset=utf-8" />
  <meta name='ocr-system' content='tesseract 3.04.00' />
  <meta name='ocr-capabilities' content='ocr_page ocr_carea ocr_par ocr_line ocrx_word'/>
</head>
<body>
  <div class='ocr_page' id='page_1' title='image "./naturalhistory02plinuoft/naturalhistory02plinuoft_0484.png"; bbox 0 0 1515 2351; ppageno 0'>
   <div class='ocr_carea' id='block_1_1' title="bbox 402 120 1161 160">
    <p class='ocr_par' dir='ltr' id='par_1_1' title="bbox 402 120 1161 160">
     <span class='ocr_line' id='line_1_1' title="bbox 402 120 1161 160; baseline 0.003 -2"><span class='ocrx_word' id='word_1_1' title='bbox 402 120 587 158; x_wconf 84' lang='lat' dir='ltr'>PLINY:</span> <span class='ocrx_word' id='word_1_2' title='bbox 638 122 895 160; x_wconf 89' lang='lat' dir='ltr'><strong>NATURAL</strong></span> <span class='ocrx_word' id='word_1_3' title='bbox 929 122 1161 160; x_wconf 89' lang='lat' dir='ltr'>HISTORY</span> 
     </span>
    </p>
   </div>
   <div class='ocr_carea' id='block_1_2' title="bbox 125 226 1386 1452">
    <p class='ocr_par' dir='ltr' id='par_1_2' title="bbox 200 226 1383 650">
     <span class='ocr_line' id='line_1_2' title="bbox 200 226 1380 277; baseline 0.001 -14"><span class='ocrx_word' id='word_1_4' title='bbox 200 226 340 264; x_wconf 89' lang='lat' dir='ltr'><strong>decem</strong></span> <span class='ocrx_word' id='word_1_5' title='bbox 394 226 548 263; x_wconf 83' lang='lat' dir='ltr'><strong>dierum</strong></span> <span class='ocrx_word' id='word_1_6' title='bbox 602 229 768 275; x_wconf 80' lang='lat' dir='ltr'><strong>remigio</strong></span> <span class='ocrx_word' id='word_1_7' title='bbox 821 227 872 263; x_wconf 91' lang='lat' dir='ltr'><strong>ab</strong></span> <span class='ocrx_word' id='word_1_8' title='bbox 924 227 1071 277; x_wconf 88' lang='lat' dir='ltr'><strong>oppido</strong></span> <span class='ocrx_word' id='word_1_9' title='bbox 1124 226 1380 264; x_wconf 85' lang='lat' dir='ltr'><strong>Adulitarum</strong></span> 
     </span>
     <span class='ocr_line' id='line_1_3' title="bbox 200 279 1381 330; baseline 0 -13"><span class='ocrx_word' id='word_1_10' title='bbox 200 280 352 317; x_wconf 87' lang='lat' dir='ltr'><strong>distans</strong></span> <span class='ocrx_word' id='word_1_11' title='bbox 367 292 375 321; x_wconf 92' lang='grc'><strong>;</strong></span> <span class='ocrx_word' id='word_1_12' title='bbox 400 283 439 316; x_wconf 90' lang='lat' dir='ltr'><strong>in</strong></span> <span class='ocrx_word' id='word_1_13' title='bbox 453 292 545 316; x_wconf 90' lang='lat' dir='ltr'><strong>eum</strong></span> <span class='ocrx_word' id='word_1_14' title='bbox 558 280 796 330; x_wconf 80' lang='lat' dir='ltr'>Trogodytis</span> <span class='ocrx_word' id='word_1_15' title='bbox 809 279 824 303; x_wconf 91' lang='lat'>1</span> <span class='ocrx_word' id='word_1_16' title='bbox 837 294 970 330; x_wconf 85' lang='lat' dir='ltr'><strong>myrra</strong></span> <span class='ocrx_word' id='word_1_17' title='bbox 982 279 1197 318; x_wconf 76' lang='lat' dir='ltr'><strong>confertur.</strong></span> <span class='ocrx_word' id='word_1_18' title='bbox 1227 280 1381 318; x_wconf 85' lang='lat' dir='ltr'><strong>insulae</strong></span> 
     </span>
     <span class='ocr_line' id='line_1_4' title="bbox 201 333 1381 384; baseline 0 -14"><span class='ocrx_word' id='word_1_19' title='bbox 201 339 296 370; x_wconf 86' lang='lat' dir='ltr'><strong>ante</strong></span> <span class='ocrx_word' id='word_1_20' title='bbox 322 339 483 382; x_wconf 87' lang='lat' dir='ltr'><strong>portum</strong></span> <span class='ocrx_word' id='word_1_21' title='bbox 509 333 614 370; x_wconf 90' lang='lat' dir='ltr'><strong>duae</strong></span> <span class='ocrx_word' id='word_1_22' title='bbox 640 333 919 384; x_wconf 81' lang='lat' dir='ltr'><strong>Pseudopylae</strong></span> <span class='ocrx_word' id='word_1_23' title='bbox 944 340 1148 376; x_wconf 85' lang='lat' dir='ltr'><strong>vocantur,</strong></span> <span class='ocrx_word' id='word_1_24' title='bbox 1173 336 1381 371; x_wconf 88' lang='lat' dir='ltr'><strong>interiores</strong></span> 
     </span>
     <span class='ocr_line' id='line_1_5' title="bbox 204 386 1382 436; baseline 0.001 -13"><span class='ocrx_word' id='word_1_25' title='bbox 204 386 371 423; x_wconf 83' lang='lat' dir='ltr'><strong>totidem</strong></span> <span class='ocrx_word' id='word_1_26' title='bbox 415 386 552 436; x_wconf 86' lang='lat' dir='ltr'><strong>Pylae,</strong></span> <span class='ocrx_word' id='word_1_27' title='bbox 593 389 634 423; x_wconf 90' lang='lat' dir='ltr'><strong>in</strong></span> <span class='ocrx_word' id='word_1_28' title='bbox 675 387 802 424; x_wconf 90' lang='lat' dir='ltr'><strong>altera</strong></span> <span class='ocrx_word' id='word_1_29' title='bbox 844 387 974 424; x_wconf 88' lang='lat' dir='ltr'><strong>stelae</strong></span> <span class='ocrx_word' id='word_1_30' title='bbox 1013 387 1198 436; x_wconf 85' lang='lat' dir='ltr'>lapideae</span> <span class='ocrx_word' id='word_1_31' title='bbox 1238 387 1382 424; x_wconf 83' lang='lat' dir='ltr'><strong>litteris</strong></span> 
     </span>
     <span class='ocr_line' id='line_1_6' title="bbox 201 440 1382 489; baseline 0.001 -13"><span class='ocrx_word' id='word_1_32' title='bbox 201 443 359 489; x_wconf 81' lang='lat' dir='ltr'><strong>ignotis.</strong></span> <span class='ocrx_word' id='word_1_33' title='bbox 413 440 518 476; x_wconf 88' lang='lat' dir='ltr'><strong>ultra</strong></span> <span class='ocrx_word' id='word_1_34' title='bbox 542 442 650 477; x_wconf 90' lang='lat' dir='ltr'><strong>sinus</strong></span> <span class='ocrx_word' id='word_1_35' title='bbox 674 440 856 483; x_wconf 73' lang='lat' dir='ltr'><strong>Abalstu,</strong></span> <span class='ocrx_word' id='word_1_36' title='bbox 880 440 974 477; x_wconf 85' lang='lat' dir='ltr'><strong>dein</strong></span> <span class='ocrx_word' id='word_1_37' title='bbox 997 440 1124 477; x_wconf 82' lang='lat' dir='ltr'><strong>insula</strong></span> <span class='ocrx_word' id='word_1_38' title='bbox 1152 440 1316 477; x_wconf 84' lang='lat' dir='ltr'><strong>Diodori</strong></span> <span class='ocrx_word' id='word_1_39' title='bbox 1340 446 1382 477; x_wconf 87' lang='lat' dir='ltr'><strong>et</strong></span> 
     </span>
     <span class='ocr_line' id='line_1_7' title="bbox 201 493 1382 544; baseline -0.001 -14"><span class='ocrx_word' id='word_1_40' title='bbox 201 493 305 530; x_wconf 89' lang='lat' dir='ltr'><strong>aliae</strong></span> <span class='ocrx_word' id='word_1_41' title='bbox 341 493 541 537; x_wconf 81' lang='lat' dir='ltr'><strong>desertae,</strong></span> <span class='ocrx_word' id='word_1_42' title='bbox 588 506 660 543; x_wconf 88' lang='lat' dir='ltr'><strong>per</strong></span> <span class='ocrx_word' id='word_1_43' title='bbox 696 496 971 530; x_wconf 84' lang='lat' dir='ltr'><strong>continentem</strong></span> <span class='ocrx_word' id='word_1_44' title='bbox 1010 506 1170 544; x_wconf 90' lang='lat' dir='ltr'><strong>quoque</strong></span> <span class='ocrx_word' id='word_1_45' title='bbox 1207 493 1382 536; x_wconf 87' lang='lat' dir='ltr'><strong>deserta,</strong></span> 
     </span>
     <span class='ocr_line' id='line_1_8' title="bbox 201 546 1382 597; baseline 0.001 -14"><span class='ocrx_word' id='word_1_46' title='bbox 201 546 391 596; x_wconf 88' lang='lat' dir='ltr'><strong>oppidum</strong></span> <span class='ocrx_word' id='word_1_47' title='bbox 412 546 546 590; x_wconf 88' lang='lat' dir='ltr'><strong>Gaza;</strong></span> <span class='ocrx_word' id='word_1_48' title='bbox 577 550 897 596; x_wconf 86' lang='lat' dir='ltr'><strong>promunturium</strong></span> <span class='ocrx_word' id='word_1_49' title='bbox 917 553 958 584; x_wconf 84' lang='lat' dir='ltr'><strong>ct</strong></span> <span class='ocrx_word' id='word_1_50' title='bbox 977 553 1114 597; x_wconf 83' lang='lat' dir='ltr'><strong>portus</strong></span> <span class='ocrx_word' id='word_1_51' title='bbox 1137 546 1382 597; x_wconf 52' lang='lat' dir='ltr'><strong>Mossylites,</strong></span> 
     </span>
     <span class='ocr_line' id='line_1_9' title="bbox 202 599 1383 650; baseline 0.001 -14"><span class='ocrx_word' id='word_1_52' title='bbox 202 613 281 650; x_wconf 90' lang='lat' dir='ltr'><strong>quo</strong></span> <span class='ocrx_word' id='word_1_53' title='bbox 299 603 528 637; x_wconf 85' lang='lat' dir='ltr'><strong>cinnamum</strong></span> <span class='ocrx_word' id='word_1_54' title='bbox 553 600 787 637; x_wconf 78' lang='lat' dir='ltr'><strong>devehitur:</strong></span> <span class='ocrx_word' id='word_1_55' title='bbox 820 599 1026 650; x_wconf 86' lang='lat' dir='ltr'><strong>hucusque</strong></span> <span class='ocrx_word' id='word_1_56' title='bbox 1055 599 1243 638; x_wconf 85' lang='lat' dir='ltr'><strong>Sesostris</strong></span> <span class='ocrx_word' id='word_1_57' title='bbox 1271 613 1383 637; x_wconf 85' lang='lat' dir='ltr'><strong>exer-</strong></span> 
     </span>
    </p>

    <p class='ocr_par' dir='ltr' id='par_1_3' title="bbox 125 653 1382 757">
     <span class='ocr_line' id='line_1_10' title="bbox 125 653 1382 704; baseline 0 -14"><span class='ocrx_word' id='word_1_58' title='bbox 125 656 182 688; x_wconf 88' lang='lat'><strong>175</strong></span> <span class='ocrx_word' id='word_1_59' title='bbox 201 657 325 690; x_wconf 86' lang='lat' dir='ltr'><strong>citum</strong></span> <span class='ocrx_word' id='word_1_60' title='bbox 375 653 504 690; x_wconf 84' lang='lat' dir='ltr'><strong>duxit.</strong></span> <span class='ocrx_word' id='word_1_61' title='bbox 558 653 679 704; x_wconf 84' lang='lat' dir='ltr'><strong>aliqui</strong></span> <span class='ocrx_word' id='word_1_62' title='bbox 728 667 852 690; x_wconf 88' lang='lat' dir='ltr'><strong>unum</strong></span> <span class='ocrx_word' id='word_1_63' title='bbox 901 653 1144 704; x_wconf 87' lang='lat' dir='ltr'><strong>Aethiopiae</strong></span> <span class='ocrx_word' id='word_1_64' title='bbox 1191 654 1382 704; x_wconf 88' lang='lat' dir='ltr'><strong>oppidum</strong></span> 
     </span>
     <span class='ocr_line' id='line_1_11' title="bbox 202 707 910 757; baseline 0 -14"><span class='ocrx_word' id='word_1_65' title='bbox 202 707 305 744; x_wconf 81' lang='lat' dir='ltr'><strong>ultra</strong></span> <span class='ocrx_word' id='word_1_66' title='bbox 325 713 479 756; x_wconf 92' lang='lat' dir='ltr'><strong>ponunt</strong></span> <span class='ocrx_word' id='word_1_67' title='bbox 499 710 539 743; x_wconf 95' lang='lat' dir='ltr'><strong>in</strong></span> <span class='ocrx_word' id='word_1_68' title='bbox 556 707 672 744; x_wconf 87' lang='lat' dir='ltr'><strong>litore</strong></span> <span class='ocrx_word' id='word_1_69' title='bbox 693 707 910 757; x_wconf 82' lang='lat' dir='ltr'><strong>Baragaza.</strong></span> 
     </span>
    </p>

    <p class='ocr_par' dir='ltr' id='par_1_4' title="bbox 201 760 1385 1184">
     <span class='ocr_line' id='line_1_12' title="bbox 253 760 1383 810; baseline 0 -13"><span class='ocrx_word' id='word_1_70' title='bbox 253 761 289 797; x_wconf 92' lang='lat' dir='ltr'>A</span> <span class='ocrx_word' id='word_1_71' title='bbox 331 760 542 810; x_wconf 84' lang='lat' dir='ltr'><strong>Mossylite</strong></span> <span class='ocrx_word' id='word_1_72' title='bbox 578 764 853 810; x_wconf 90' lang='lat' dir='ltr'><strong>promunturio</strong></span> <span class='ocrx_word' id='word_1_73' title='bbox 890 760 1140 797; x_wconf 85' lang='lat' dir='ltr'><strong>Atlanticum</strong></span> <span class='ocrx_word' id='word_1_74' title='bbox 1178 773 1290 797; x_wconf 88' lang='lat' dir='ltr'><strong>mare</strong></span> <span class='ocrx_word' id='word_1_75' title='bbox 1325 762 1383 796; x_wconf 91' lang='lat' dir='ltr'><strong>in-</strong></span> 
     </span>
     <span class='ocr_line' id='line_1_13' title="bbox 201 813 1384 864; baseline 0 -14"><span class='ocrx_word' id='word_1_76' title='bbox 201 817 334 864; x_wconf 86' lang='lat' dir='ltr'><strong>cipere</strong></span> <span class='ocrx_word' id='word_1_77' title='bbox 367 813 452 850; x_wconf 90' lang='lat' dir='ltr'><strong>vult</strong></span> <span class='ocrx_word' id='word_1_78' title='bbox 486 814 600 857; x_wconf 89' lang='lat' dir='ltr'><strong>Iuba,</strong></span> <span class='ocrx_word' id='word_1_79' title='bbox 631 820 793 864; x_wconf 86' lang='lat' dir='ltr'><strong>praeter</strong></span> <span class='ocrx_word' id='word_1_80' title='bbox 827 813 1104 851; x_wconf 87' lang='lat' dir='ltr'><strong>Mauretanias</strong></span> <span class='ocrx_word' id='word_1_81' title='bbox 1135 827 1227 851; x_wconf 91' lang='lat' dir='ltr'><strong>suas</strong></span> <span class='ocrx_word' id='word_1_82' title='bbox 1260 813 1384 850; x_wconf 89' lang='lat' dir='ltr'><strong>Gadis</strong></span> 
     </span>
     <span class='ocr_line' id='line_1_14' title="bbox 202 866 1382 917; baseline 0.001 -14"><span class='ocrx_word' id='word_1_83' title='bbox 202 880 330 917; x_wconf 66' lang='lat' dir='ltr'><strong>mque</strong></span> <span class='ocrx_word' id='word_1_84' title='bbox 349 867 618 917; x_wconf 85' lang='lat' dir='ltr'><strong>navigandum</strong></span> <span class='ocrx_word' id='word_1_85' title='bbox 638 880 752 911; x_wconf 80' lang='lat' dir='ltr'><strong>coro3</strong></span> <span class='ocrx_word' id='word_1_86' title='bbox 785 870 896 905; x_wconf 87' lang='lat' dir='ltr'><strong>cuius</strong></span> <span class='ocrx_word' id='word_1_87' title='bbox 914 873 1005 904; x_wconf 89' lang='lat' dir='ltr'><strong>tota</strong></span> <span class='ocrx_word' id='word_1_88' title='bbox 1023 870 1228 905; x_wconf 86' lang='lat' dir='ltr'><strong>sententia</strong></span> <span class='ocrx_word' id='word_1_89' title='bbox 1248 866 1321 904; x_wconf 90' lang='lat' dir='ltr'><strong>hoc</strong></span> <span class='ocrx_word' id='word_1_90' title='bbox 1341 869 1382 904; x_wconf 92' lang='lat' dir='ltr'><strong>in</strong></span> 
     </span>
     <span class='ocr_line' id='line_1_15' title="bbox 201 920 1383 970; baseline -0.003 -12"><span class='ocrx_word' id='word_1_91' title='bbox 201 921 286 958; x_wconf 90' lang='lat' dir='ltr'><strong>loco</strong></span> <span class='ocrx_word' id='word_1_92' title='bbox 315 920 588 958; x_wconf 86' lang='lat' dir='ltr'><strong>subtrahenda</strong></span> <span class='ocrx_word' id='word_1_93' title='bbox 620 934 701 957; x_wconf 91' lang='lat' dir='ltr'><strong>non</strong></span> <span class='ocrx_word' id='word_1_94' title='bbox 730 926 804 958; x_wconf 88' lang='lat' dir='ltr'><strong>est.</strong></span> <span class='ocrx_word' id='word_1_95' title='bbox 835 934 858 957; x_wconf 92' lang='lat' dir='ltr'><strong>a</strong></span> <span class='ocrx_word' id='word_1_96' title='bbox 886 923 1162 970; x_wconf 90' lang='lat' dir='ltr'><strong>promunturio</strong></span> <span class='ocrx_word' id='word_1_97' title='bbox 1194 920 1383 957; x_wconf 89' lang='lat' dir='ltr'><strong>Indorum</strong></span> 
     </span>
     <span class='ocr_line' id='line_1_16' title="bbox 203 974 1384 1024; baseline -0.001 -13"><span class='ocrx_word' id='word_1_98' title='bbox 203 974 309 1024; x_wconf 89' lang='lat' dir='ltr'><strong>quod</strong></span> <span class='ocrx_word' id='word_1_99' title='bbox 323 980 485 1011; x_wconf 77' lang='lat' dir='ltr'><strong>vocetur</strong></span> <span class='ocrx_word' id='word_1_100' title='bbox 499 974 630 1024; x_wconf 89' lang='lat' dir='ltr'><strong>Lepte</strong></span> <span class='ocrx_word' id='word_1_101' title='bbox 643 976 760 1018; x_wconf 87' lang='lat' dir='ltr'><strong>Acra,</strong></span> <span class='ocrx_word' id='word_1_102' title='bbox 773 974 824 1010; x_wconf 85' lang='lat' dir='ltr'><strong>ab</strong></span> <span class='ocrx_word' id='word_1_103' title='bbox 837 974 923 1011; x_wconf 88' lang='lat' dir='ltr'><strong>aliis</strong></span> <span class='ocrx_word' id='word_1_104' title='bbox 939 974 1186 1024; x_wconf 87' lang='lat' dir='ltr'><strong>Depranum,</strong></span> <span class='ocrx_word' id='word_1_105' title='bbox 1199 976 1384 1024; x_wconf 87' lang='lat' dir='ltr'><strong>proponit</strong></span> 
     </span>
     <span class='ocr_line' id='line_1_17' title="bbox 201 1025 1383 1077; baseline -0.003 -12"><span class='ocrx_word' id='word_1_106' title='bbox 201 1034 311 1065; x_wconf 86' lang='lat' dir='ltr'><strong>recto</strong></span> <span class='ocrx_word' id='word_1_107' title='bbox 338 1041 454 1065; x_wconf 83' lang='lat' dir='ltr'><strong>cursu</strong></span> <span class='ocrx_word' id='word_1_108' title='bbox 487 1034 648 1077; x_wconf 85' lang='lat' dir='ltr'><strong>praeter</strong></span> <span class='ocrx_word' id='word_1_109' title='bbox 681 1028 875 1065; x_wconf 85' lang='lat' dir='ltr'><strong>Exustam</strong></span> <span class='ocrx_word' id='word_1_110' title='bbox 908 1027 990 1065; x_wconf 85' lang='lat' dir='ltr'><strong>ad²</strong></span> <span class='ocrx_word' id='word_1_111' title='bbox 1026 1026 1205 1064; x_wconf 87' lang='lat' dir='ltr'><strong>Malichu</strong></span> <span class='ocrx_word' id='word_1_112' title='bbox 1237 1025 1383 1064; x_wconf 86' lang='lat' dir='ltr'><strong>insulas</strong></span> 
     </span>
     <span class='ocr_line' id='line_1_18' title="bbox 202 1080 1384 1131; baseline -0.001 -13"><span class='ocrx_word' id='word_1_113' title='bbox 202 1082 274 1131; x_wconf 51' lang='lat' dir='ltr'><strong>W}</strong></span> <span class='ocrx_word' id='word_1_114' title='bbox 306 1094 344 1131; x_wconf 93' lang='lat' dir='ltr'><strong>p.</strong></span> <span class='ocrx_word' id='word_1_115' title='bbox 376 1094 476 1124; x_wconf 82' lang='lat' dir='ltr'><strong>esse,</strong></span> <span class='ocrx_word' id='word_1_116' title='bbox 505 1082 598 1118; x_wconf 89' lang='lat' dir='ltr'><strong>inde</strong></span> <span class='ocrx_word' id='word_1_117' title='bbox 627 1081 678 1118; x_wconf 92' lang='lat' dir='ltr'><strong>ad</strong></span> <span class='ocrx_word' id='word_1_118' title='bbox 706 1081 837 1118; x_wconf 89' lang='lat' dir='ltr'><strong>locum</strong></span> <span class='ocrx_word' id='word_1_119' title='bbox 866 1094 986 1131; x_wconf 91' lang='lat' dir='ltr'><strong>quem</strong></span> <span class='ocrx_word' id='word_1_120' title='bbox 1016 1087 1159 1118; x_wconf 87' lang='lat' dir='ltr'><strong>vocant</strong></span> <span class='ocrx_word' id='word_1_121' title='bbox 1187 1080 1384 1118; x_wconf 91' lang='lat' dir='ltr'><strong>Scaeneos</strong></span> 
     </span>
     <span class='ocr_line' id='line_1_19' title="bbox 203 1133 1385 1184; baseline 0.002 -16"><span class='ocrx_word' id='word_1_122' title='bbox 203 1145 322 1169; x_wconf 86' lang='lat' dir='ltr'><strong>ccxxv</strong></span> <span class='ocrx_word' id='word_1_123' title='bbox 349 1147 403 1184; x_wconf 89' lang='lat' dir='ltr'><strong>p.,</strong></span> <span class='ocrx_word' id='word_1_124' title='bbox 426 1134 518 1171; x_wconf 89' lang='lat' dir='ltr'><strong>inde</strong></span> <span class='ocrx_word' id='word_1_125' title='bbox 544 1135 594 1172; x_wconf 90' lang='lat' dir='ltr'><strong>ad</strong></span> <span class='ocrx_word' id='word_1_126' title='bbox 619 1135 788 1172; x_wconf 86' lang='lat' dir='ltr'><strong>insulam</strong></span> <span class='ocrx_word' id='word_1_127' title='bbox 813 1134 1016 1172; x_wconf 89' lang='lat' dir='ltr'><strong>Sadanum</strong></span> <span class='ocrx_word' id='word_1_128' title='bbox 1045 1133 1111 1178; x_wconf 73' lang='grc' dir='ltr'><strong>Ξῖ;</strong></span> <span class='ocrx_word' id='word_1_129' title='bbox 1145 1137 1200 1171; x_wconf 92' lang='lat' dir='ltr'><strong>sic</strong></span> <span class='ocrx_word' id='word_1_130' title='bbox 1226 1134 1309 1171; x_wconf 87' lang='lat' dir='ltr'><strong>fieri</strong></span> <span class='ocrx_word' id='word_1_131' title='bbox 1333 1133 1385 1171; x_wconf 89' lang='lat' dir='ltr'><strong>ad</strong></span> 
     </span>
    </p>

    <p class='ocr_par' dir='ltr' id='par_1_5' title="bbox 125 1186 1386 1452">
     <span class='ocr_line' id='line_1_20' title="bbox 125 1186 1386 1238; baseline 0.002 -17"><span class='ocrx_word' id='word_1_132' title='bbox 125 1191 186 1222; x_wconf 86' lang='grc'><strong>176</strong></span> <span class='ocrx_word' id='word_1_133' title='bbox 205 1192 389 1235; x_wconf 88' lang='lat' dir='ltr'><strong>apertum</strong></span> <span class='ocrx_word' id='word_1_134' title='bbox 409 1201 521 1225; x_wconf 90' lang='lat' dir='ltr'><strong>mare</strong></span> <span class='ocrx_word' id='word_1_135' title='bbox 541 1186 664 1238; x_wconf 51' lang='lat' dir='ltr'><strong>23qu</strong></span> <span class='ocrx_word' id='word_1_136' title='bbox 689 1189 784 1223; x_wconf 53' lang='lat' dir='ltr'><strong>ff:</strong></span> <span class='ocrx_word' id='word_1_137' title='bbox 804 1201 844 1238; x_wconf 90' lang='lat' dir='ltr'><strong>p.</strong></span> <span class='ocrx_word' id='word_1_138' title='bbox 899 1188 1038 1238; x_wconf 89' lang='lat' dir='ltr'><strong>reliqui</strong></span> <span class='ocrx_word' id='word_1_139' title='bbox 1059 1200 1196 1225; x_wconf 89' lang='lat' dir='ltr'><strong>omnes</strong></span> <span class='ocrx_word' id='word_1_140' title='bbox 1223 1193 1386 1238; x_wconf 88' lang='lat' dir='ltr'><strong>propter</strong></span> 
     </span>
     <span class='ocr_line' id='line_1_21' title="bbox 204 1240 1386 1291; baseline 0.001 -15"><span class='ocrx_word' id='word_1_141' title='bbox 204 1240 386 1278; x_wconf 88' lang='lat' dir='ltr'><strong>ardorem</strong></span> <span class='ocrx_word' id='word_1_142' title='bbox 413 1241 506 1278; x_wconf 87' lang='lat' dir='ltr'><strong>solis</strong></span> <span class='ocrx_word' id='word_1_143' title='bbox 531 1244 710 1291; x_wconf 79' lang='lat' dir='ltr'><strong>navigari</strong></span> <span class='ocrx_word' id='word_1_144' title='bbox 736 1254 852 1290; x_wconf 87' lang='lat' dir='ltr'><strong>posse</strong></span> <span class='ocrx_word' id='word_1_145' title='bbox 878 1254 957 1278; x_wconf 90' lang='lat' dir='ltr'><strong>non</strong></span> <span class='ocrx_word' id='word_1_146' title='bbox 983 1247 1250 1291; x_wconf 87' lang='lat' dir='ltr'><strong>putaverunt;</strong></span> <span class='ocrx_word' id='word_1_147' title='bbox 1290 1243 1386 1291; x_wconf 89' lang='lat' dir='ltr'><strong>quin</strong></span> 
     </span>
     <span class='ocr_line' id='line_1_22' title="bbox 204 1294 1385 1344; baseline 0.001 -14"><span class='ocrx_word' id='word_1_148' title='bbox 204 1299 246 1330; x_wconf 88' lang='lat' dir='ltr'><strong>et</strong></span> <span class='ocrx_word' id='word_1_149' title='bbox 292 1298 529 1332; x_wconf 85' lang='lat' dir='ltr'><strong>commercia</strong></span> <span class='ocrx_word' id='word_1_150' title='bbox 576 1297 659 1344; x_wconf 90' lang='lat' dir='ltr'><strong>ipsa</strong></span> <span class='ocrx_word' id='word_1_151' title='bbox 707 1294 900 1332; x_wconf 85' lang='lat' dir='ltr'><strong>infestant</strong></span> <span class='ocrx_word' id='word_1_152' title='bbox 953 1308 1003 1332; x_wconf 87' lang='lat' dir='ltr'><strong>ex</strong></span> <span class='ocrx_word' id='word_1_153' title='bbox 1049 1295 1184 1332; x_wconf 89' lang='lat' dir='ltr'><strong>insulis</strong></span> <span class='ocrx_word' id='word_1_154' title='bbox 1231 1295 1385 1331; x_wconf 87' lang='lat' dir='ltr'><strong>Arabes</strong></span> 
     </span>
     <span class='ocr_line' id='line_1_23' title="bbox 204 1347 1386 1398; baseline 0.001 -14"><span class='ocrx_word' id='word_1_155' title='bbox 204 1347 368 1385; x_wconf 86' lang='lat' dir='ltr'><strong>Ascitae</strong></span> <span class='ocrx_word' id='word_1_156' title='bbox 414 1347 622 1398; x_wconf 89' lang='lat' dir='ltr'><strong>appellati,</strong></span> <span class='ocrx_word' id='word_1_157' title='bbox 669 1351 856 1398; x_wconf 89' lang='lat' dir='ltr'><strong>quoniam</strong></span> <span class='ocrx_word' id='word_1_158' title='bbox 903 1348 1072 1385; x_wconf 89' lang='lat' dir='ltr'><strong>bubulos</strong></span> <span class='ocrx_word' id='word_1_159' title='bbox 1119 1354 1227 1385; x_wconf 86' lang='lat' dir='ltr'><strong>utres</strong></span> <span class='ocrx_word' id='word_1_160' title='bbox 1273 1348 1386 1385; x_wconf 87' lang='lat' dir='ltr'><strong>binos</strong></span> 
     </span>
     <span class='ocr_line' id='line_1_24' title="bbox 204 1403 1386 1452; baseline 0.001 -15"><span class='ocrx_word' id='word_1_161' title='bbox 204 1403 473 1439; x_wconf 86' lang='lat' dir='ltr'><strong>insternentes</strong></span> <span class='ocrx_word' id='word_1_162' title='bbox 495 1407 619 1451; x_wconf 89' lang='lat' dir='ltr'><strong>ponte</strong></span> <span class='ocrx_word' id='word_1_163' title='bbox 641 1404 851 1451; x_wconf 89' lang='lat' dir='ltr'><strong>piraticam</strong></span> <span class='ocrx_word' id='word_1_164' title='bbox 875 1407 1065 1439; x_wconf 86' lang='lat' dir='ltr'><strong>exercent</strong></span> <span class='ocrx_word' id='word_1_165' title='bbox 1086 1404 1245 1452; x_wconf 86' lang='lat' dir='ltr'><strong>sagittis</strong></span> <span class='ocrx_word' id='word_1_166' title='bbox 1269 1413 1386 1438; x_wconf 89' lang='lat' dir='ltr'><strong>vene-</strong></span> 
     </span>
    </p>
   </div>
   <div class='ocr_carea' id='block_1_3' title="bbox 205 1134 312 1138">
    <p class='ocr_par' dir='ltr' id='par_1_6' title="bbox 205 1134 312 1138">
     <span class='ocr_line' id='line_1_25' title="bbox 205 1134 312 1138; baseline 0 0"><span class='ocrx_word' id='word_1_167' title='bbox 205 1134 312 1138; x_wconf 95' lang='lat' dir='ltr'><strong> </strong></span> 
     </span>
    </p>
   </div>
   <div class='ocr_carea' id='block_1_4' title="bbox 434 1493 1163 1569">
    <p class='ocr_par' dir='ltr' id='par_1_7' title="bbox 434 1493 1163 1569">
     <span class='ocr_line' id='line_1_26' title="bbox 434 1493 1163 1535; baseline 0.001 -10"><span class='ocrx_word' id='word_1_168' title='bbox 434 1495 446 1514; x_wconf 86' lang='lat'>¹</span> <span class='ocrx_word' id='word_1_169' title='bbox 469 1494 724 1535; x_wconf 76' lang='lat' dir='ltr'><strong>Trogodytica?</strong></span> <span class='ocrx_word' id='word_1_170' title='bbox 746 1494 787 1535; x_wconf 84' lang='lat' dir='ltr'><strong>cs.</strong></span> <span class='ocrx_word' id='word_1_171' title='bbox 809 1494 891 1526; x_wconf 87' lang='lat' dir='ltr'>XII.</span> <span class='ocrx_word' id='word_1_172' title='bbox 911 1495 965 1532; x_wconf 83' lang='grc'><strong>69,</strong></span> <span class='ocrx_word' id='word_1_173' title='bbox 985 1493 1163 1526; x_wconf 70' lang='lat' dir='ltr'><strong>Rackham.</strong></span> 
     </span>
     <span class='ocr_line' id='line_1_27' title="bbox 435 1537 690 1569; baseline 0.004 -1"><span class='ocrx_word' id='word_1_174' title='bbox 435 1537 447 1556; x_wconf 87' lang='lat'><strong>²</strong></span> <span class='ocrx_word' id='word_1_175' title='bbox 471 1537 514 1568; x_wconf 88' lang='lat' dir='ltr'><strong>ad</strong></span> <span class='ocrx_word' id='word_1_176' title='bbox 531 1537 620 1569; x_wconf 83' lang='lat' dir='ltr'><strong>Sol.:</strong></span> <span class='ocrx_word' id='word_1_177' title='bbox 645 1541 690 1569; x_wconf 73' lang='lat' dir='ltr'><strong>ct.</strong></span> 
     </span>
    </p>
   </div>
   <div class='ocr_carea' id='block_1_5' title="bbox 204 1655 1385 1945">
    <p class='ocr_par' dir='ltr' id='par_1_8' title="bbox 246 1655 500 1696">
     <span class='ocr_line' id='line_1_28' title="bbox 246 1655 500 1696; baseline -0.004 -9"><span class='ocrx_word' id='word_1_178' title='bbox 246 1661 260 1675; x_wconf 80' lang='lat'>⁶</span> <span class='ocrx_word' id='word_1_179' title='bbox 283 1655 343 1688; x_wconf 84' lang='lat' dir='ltr'><strong>See</strong></span> <span class='ocrx_word' id='word_1_180' title='bbox 361 1658 376 1696; x_wconf 82' lang='lat'>§</span> <span class='ocrx_word' id='word_1_181' title='bbox 397 1657 455 1688; x_wconf 84' lang='lat'><strong>172</strong></span> <span class='ocrx_word' id='word_1_182' title='bbox 468 1667 500 1687; x_wconf 81' lang='grc' dir='ltr'><strong>η.</strong></span> 
     </span>
    </p>

    <p class='ocr_par' dir='ltr' id='par_1_9' title="bbox 247 1698 502 1730">
     <span class='ocr_line' id='line_1_29' title="bbox 247 1698 502 1730; baseline 0 0"><span class='ocrx_word' id='word_1_183' title='bbox 247 1698 258 1718; x_wconf 73' lang='lat'><strong>&#39;²</strong></span> <span class='ocrx_word' id='word_1_184' title='bbox 282 1700 342 1730; x_wconf 71' lang='lat' dir='ltr'><strong>See</strong></span> <span class='ocrx_word' id='word_1_185' title='bbox 361 1699 428 1730; x_wconf 79' lang='lat' dir='ltr'><strong>XII</strong></span> <span class='ocrx_word' id='word_1_186' title='bbox 449 1700 502 1730; x_wconf 85' lang='grc'><strong>69.</strong></span> 
     </span>
    </p>

    <p class='ocr_par' dir='ltr' id='par_1_10' title="bbox 247 1742 537 1773">
     <span class='ocr_line' id='line_1_30' title="bbox 247 1742 537 1773; baseline 0 -1"><span class='ocrx_word' id='word_1_187' title='bbox 247 1747 258 1761; x_wconf 75' lang='lat'><strong>‘</strong></span> <span class='ocrx_word' id='word_1_188' title='bbox 283 1742 390 1772; x_wconf 82' lang='lat' dir='ltr'><strong>Pcrim</strong></span> <span class='ocrx_word' id='word_1_189' title='bbox 412 1742 537 1773; x_wconf 82' lang='lat' dir='ltr'><strong>Island.</strong></span> 
     </span>
    </p>

    <p class='ocr_par' dir='ltr' id='par_1_11' title="bbox 204 1784 1385 1902">
     <span class='ocr_line' id='line_1_31' title="bbox 247 1784 1385 1825; baseline 0 -10"><span class='ocrx_word' id='word_1_190' title='bbox 247 1784 262 1803; x_wconf 75' lang='lat'><strong><em>⁴</em></strong></span> <span class='ocrx_word' id='word_1_191' title='bbox 285 1784 448 1816; x_wconf 78' lang='lat' dir='ltr'><strong>Ramcses</strong></span> <span class='ocrx_word' id='word_1_192' title='bbox 469 1785 513 1821; x_wconf 87' lang='lat'><strong>11,</strong></span> <span class='ocrx_word' id='word_1_193' title='bbox 536 1784 628 1824; x_wconf 81' lang='lat' dir='ltr'><strong>King</strong></span> <span class='ocrx_word' id='word_1_194' title='bbox 646 1784 685 1815; x_wconf 91' lang='lat' dir='ltr'><strong>of</strong></span> <span class='ocrx_word' id='word_1_195' title='bbox 704 1784 823 1825; x_wconf 82' lang='lat' dir='ltr'><strong>Egypt</strong></span> <span class='ocrx_word' id='word_1_196' title='bbox 839 1785 920 1816; x_wconf 84' lang='lat'><strong>1333</strong></span> <span class='ocrx_word' id='word_1_197' title='bbox 941 1793 1018 1821; x_wconf 76' lang='lat' dir='ltr'><strong>1³.c.,</strong></span> <span class='ocrx_word' id='word_1_198' title='bbox 1037 1784 1193 1816; x_wconf 79' lang='lat' dir='ltr'><strong>subducd</strong></span> <span class='ocrx_word' id='word_1_199' title='bbox 1213 1784 1385 1824; x_wconf 78' lang='lat' dir='ltr'><strong>Ethiopia,</strong></span> 
     </span>
     <span class='ocr_line' id='line_1_32' title="bbox 204 1827 1384 1902; baseline 0 -43"><span class='ocrx_word' id='word_1_200' title='bbox 204 1839 224 1859; x_wconf 78' lang='lat' dir='ltr'><strong>a</strong></span> <span class='ocrx_word' id='word_1_201' title='bbox 239 1833 336 1902; x_wconf 58' lang='lat' dir='ltr'><strong>gregat</strong></span> <span class='ocrx_word' id='word_1_202' title='bbox 352 1827 585 1901; x_wconf 53' lang='grc' dir='ltr'><strong>ΕὲιήΕἳὶᾼείᾳ,</strong></span> <span class='ocrx_word' id='word_1_203' title='bbox 598 1827 808 1901; x_wconf 53' lang='grc' dir='ltr'><strong>Τἰπειὲἓῗῃά</strong></span> <span class='ocrx_word' id='word_1_204' title='bbox 822 1828 965 1868; x_wconf 79' lang='lat' dir='ltr'><strong>Scythia</strong></span> <span class='ocrx_word' id='word_1_205' title='bbox 977 1841 983 1859; x_wconf 95' lang='lat'><strong>:</strong></span> <span class='ocrx_word' id='word_1_206' title='bbox 1003 1827 1200 1859; x_wconf 80' lang='lat' dir='ltr'><strong>Herodotus</strong></span> <span class='ocrx_word' id='word_1_207' title='bbox 1213 1827 1259 1860; x_wconf 92' lang='lat' dir='ltr'><strong>Il.</strong></span> <span class='ocrx_word' id='word_1_208' title='bbox 1276 1829 1337 1859; x_wconf 82' lang='lat'><strong>102</strong></span> <span class='ocrx_word' id='word_1_209' title='bbox 1350 1827 1384 1859; x_wconf 80' lang='lat' dir='ltr'><strong>ff.</strong></span> 
     </span>
    </p>

    <p class='ocr_par' dir='ltr' id='par_1_12' title="bbox 248 1876 832 1902">
     <span class='ocr_line' id='line_1_33' title="bbox 248 1876 832 1902; baseline 0 -1"><span class='ocrx_word' id='word_1_210' title='bbox 248 1876 258 1889; x_wconf 79' lang='lat'>¹</span> <span class='ocrx_word' id='word_1_211' title='bbox 314 1881 334 1901; x_wconf 92' lang='lat' dir='ltr'><strong>n</strong></span> <span class='ocrx_word' id='word_1_212' title='bbox 387 1881 403 1901; x_wconf 80' lang='lat' dir='ltr'><strong>s</strong></span> <span class='ocrx_word' id='word_1_213' title='bbox 492 1881 523 1901; x_wconf 85' lang='grc' dir='ltr'><strong>ιο</strong></span> <span class='ocrx_word' id='word_1_214' title='bbox 552 1881 607 1901; x_wconf 78' lang='lat' dir='ltr'><strong>lan</strong></span> <span class='ocrx_word' id='word_1_215' title='bbox 623 1881 664 1901; x_wconf 82' lang='lat' dir='ltr'><strong>ex</strong></span> <span class='ocrx_word' id='word_1_216' title='bbox 737 1881 832 1902; x_wconf 73' lang='lat' dir='ltr'><strong>iion.</strong></span> 
     </span>
    </p>

    <p class='ocr_par' dir='ltr' id='par_1_13' title="bbox 247 1881 893 1945">
     <span class='ocr_line' id='line_1_34' title="bbox 247 1881 893 1945; baseline 0 -1"><span class='ocrx_word' id='word_1_217' title='bbox 247 1912 260 1936; x_wconf 75' lang='grc' dir='ltr'><em>Ι</em></span> <span class='ocrx_word' id='word_1_218' title='bbox 282 1913 414 1944; x_wconf 81' lang='lat' dir='ltr'><strong>Broach</strong></span> <span class='ocrx_word' id='word_1_219' title='bbox 433 1914 466 1944; x_wconf 90' lang='lat' dir='ltr'><strong>in</strong></span> <span class='ocrx_word' id='word_1_220' title='bbox 486 1881 583 1945; x_wconf 46' lang='lat' dir='ltr'><strong>KRV.</strong></span> <span class='ocrx_word' id='word_1_221' title='bbox 605 1881 704 1944; x_wconf 51' lang='lat' dir='ltr'>Indlsa</span> <span class='ocrx_word' id='word_1_222' title='bbox 722 1914 748 1944; x_wconf 83' lang='lat' dir='ltr'><strong>is</strong></span> <span class='ocrx_word' id='word_1_223' title='bbox 767 1918 893 1944; x_wconf 82' lang='lat' dir='ltr'><strong>meant.</strong></span> 
     </span>
    </p>
   </div>
   <div class='ocr_carea' id='block_1_6' title="bbox 203 1956 1387 2039">
    <p class='ocr_par' dir='ltr' id='par_1_14' title="bbox 203 1956 1387 2039">
     <span class='ocr_line' id='line_1_35' title="bbox 248 1956 1387 1996; baseline 0 -9"><span class='ocrx_word' id='word_1_224' title='bbox 248 1961 260 1979; x_wconf 81' lang='lat'><em>⁰</em></span> <span class='ocrx_word' id='word_1_225' title='bbox 284 1956 404 1996; x_wconf 74' lang='lat' dir='ltr'><strong>Reany</strong></span> <span class='ocrx_word' id='word_1_226' title='bbox 434 1956 595 1987; x_wconf 80' lang='lat' dir='ltr'><strong>African:</strong></span> <span class='ocrx_word' id='word_1_227' title='bbox 635 1966 656 1987; x_wconf 83' lang='lat' dir='ltr'><strong>a</strong></span> <span class='ocrx_word' id='word_1_228' title='bbox 683 1966 840 1987; x_wconf 88' lang='lat' dir='ltr'><strong>common</strong></span> <span class='ocrx_word' id='word_1_229' title='bbox 868 1956 1044 1987; x_wconf 72' lang='lat' dir='ltr'><strong>confusion</strong></span> <span class='ocrx_word' id='word_1_230' title='bbox 1074 1956 1106 1986; x_wconf 89' lang='lat' dir='ltr'><strong>in</strong></span> <span class='ocrx_word' id='word_1_231' title='bbox 1133 1956 1227 1996; x_wconf 85' lang='lat' dir='ltr'><strong>early</strong></span> <span class='ocrx_word' id='word_1_232' title='bbox 1253 1965 1387 1987; x_wconf 77' lang='lat' dir='ltr'><strong>sources</strong></span> 
     </span>
     <span class='ocr_line' id='line_1_36' title="bbox 203 1999 476 2039; baseline 0 -9"><span class='ocrx_word' id='word_1_233' title='bbox 203 1999 285 2030; x_wconf 78' lang='lat' dir='ltr'><strong>used</strong></span> <span class='ocrx_word' id='word_1_234' title='bbox 304 1999 347 2039; x_wconf 88' lang='lat' dir='ltr'><strong>by</strong></span> <span class='ocrx_word' id='word_1_235' title='bbox 367 1999 476 2039; x_wconf 89' lang='lat' dir='ltr'><strong>Pliny.</strong></span> 
     </span>
    </p>
   </div>
   <div class='ocr_carea' id='block_1_7' title="bbox 201 2055 272 2099">
    <p class='ocr_par' dir='ltr' id='par_1_15' title="bbox 201 2055 272 2099">
     <span class='ocr_line' id='line_1_37' title="bbox 201 2055 272 2099; baseline 0 -7"><span class='ocrx_word' id='word_1_236' title='bbox 201 2055 272 2099; x_wconf 87' lang='lat'><strong>468</strong></span> 
     </span>
    </p>
   </div>
  </div>
 </body>
</html>
