1515 2351
436 134 604 173 PLINY
619 149 628 172 ε
681 135 945 173 NATURAL
982 135 1221 174 HISTORY

233 237 402 290 figuram
417 241 523 276 inter
537 239 660 290 Alpes
676 245 799 290 atque
815 253 923 276 oram
939 242 1058 277 maris
1073 239 1207 277 facere
1222 240 1419 291 proditus,

150 303 212 335 122
231 300 450 338 stadiorum
503 300 561 339 ῖι1
611 303 789 338 circuitu.
835 301 962 351 pudet
1005 314 1028 338 a
1071 301 1234 339 Graecis
1278 301 1419 340 Italiae

232 364 429 399 rationem
452 364 640 407 mutuari,
666 361 921 400 Metrodorus
943 368 1081 400 tamen
1103 362 1286 414 Scepsius
1308 363 1420 409 dicit,

233 426 420 474 quoniam
446 426 550 461 circa
576 424 730 461 fontem
757 425 873 461 arbor
898 424 1025 461 multa
1050 427 1102 462 sit
1127 427 1256 475 picea,
1283 424 1420 476 quales

234 485 385 522 Gallice
405 492 596 522 vocentur
613 485 721 536 padi,
738 485 812 523 hoc
829 499 976 523 nomen
993 489 1208 536 accepisse,
1227 485 1419 538 Ligurum

233 547 395 597 quidem
442 546 578 598 lingua
625 560 785 584 amnem
833 550 962 597 ipsum
1008 547 1229 586 Bodincum
1276 550 1420 593 vocari,

234 608 340 659 quod
385 609 583 659 significet
630 608 754 646 fundo
799 615 1018 646 carentem.
1073 612 1134 647 cui
1182 615 1421 661 argumento

232 670 348 707 adest
390 671 581 721 oppidum
625 673 737 708 iuxta
782 670 1014 708 Industria²
1056 677 1217 708 vetusto
1260 673 1421 708 nomine

233 731 587 783 Bodincomagum,
610 733 676 769 ubi
699 735 914 783 praecipua
935 732 1108 770 altitudo
1129 735 1279 784 incipit.

151 797 211 830 123
281 793 411 830 XVII.
441 794 726 844 Transpadana
753 794 978 845 appellatur
1004 795 1054 831 ab
1082 808 1130 831 eo
1156 797 1268 845 regio
1294 794 1420 832 unde-

231 857 347 900 cima,
387 861 476 892 tota
517 858 557 892 in
598 855 908 900 mediterraneo,
949 858 1011 893 cui
1053 857 1235 893 marina³
1277 862 1422 894 cuncta

234 915 435 954 fructuoso
488 917 601 954 alveo
655 920 844 968 inportat.
911 918 1060 968 oppida
1115 917 1203 955 Vibi
1259 917 1418 963 Forum,

233 977 413 1029 Segusio,
459 979 637 1016 coloniae
684 980 735 1016 ab
783 979 945 1029 Alpium
993 979 1189 1016 radicibus
1236 980 1422 1030 Augusta

233 1039 507 1085 Taurinorum,
533 1041 626 1078 inde
651 1040 865 1091 navigabili
891 1039 1012 1085 Pado,
1038 1043 1204 1092 antiqua
1230 1040 1421 1092 Ligurum

232 1104 370 1152 stirpe,
411 1102 505 1139 dein
548 1101 792 1139 Salassorum
835 1103 1020 1153 Augusta
1063 1101 1268 1139 Praetoria
1309 1104 1422 1139 iuxta

232 1166 412 1213 geminas
440 1163 603 1214 Alpium
631 1164 749 1209 fores,
778 1164 918 1201 Graias
946 1170 1068 1215 atque
1098 1163 1422 1209 Poeninas,—his

234 1223 400 1270 Poenos,
453 1226 567 1263 Grais
621 1226 837 1263 Herculem
888 1228 1078 1263 transisse
1132 1231 1424 1271 memorant,—

232 1287 422 1337 oppidum
475 1288 674 1338 Eporedia
723 1287 923 1338 Sibyllinis
973 1301 997 1325 a
1046 1287 1192 1338 populo
1244 1286 1424 1324 Romano

232 1349 438 1386 conditum
483 1349 872 1400 iussis,——ep01·edias
917 1349 1018 1386 Galli
1063 1350 1186 1386 bonos
1230 1362 1423 1400 equorum

150 1414 211 1445 124
231 1409 449 1448 domitores
480 1411 896 1455 vocant‚——-Vcrccllae
929 1411 1172 1448 Libiciorum
1202 1423 1252 1448 ex
1281 1410 1422 1448 Salluis

233 1478 358 1516 ortae,
382 1472 553 1509 Novaria
575 1486 624 1509 ex
648 1473 956 1517 Vertamacoris,
981 1472 1267 1509 Vocontiorum
1288 1471 1424 1509 hodie-

233 1546 311 1584 que
327 1547 444 1584 pago,
460 1547 538 1570 non
554 1535 615 1583 (ut
631 1534 732 1571 Cato
748 1535 970 1583 existimat)
989 1534 1195 1585 Ligurum,
1212 1547 1261 1571 ex
1278 1534 1421 1585 quibus

235 1594 354 1632 Lac-vi
391 1601 434 1632 et
473 1595 612 1632 Marici
647 1595 863 1633 condidere
898 1596 1080 1632 Ticinum
1116 1609 1194 1632 non
1229 1595 1365 1646 procul
1400 1609 1424 1632 a

235 1655 357 1701 Pado,
408 1659 511 1694 sicut
563 1657 631 1694 Boi
683 1657 966 1707 Transalpibus
1019 1657 1189 1707 profecti
1243 1656 1423 1695 Laudem

236 1716 482 1768 Pompeiam,
520 1719 705 1756 Insubres
744 1718 1032 1756 Mediolanum.
1100 1719 1423 1756 Orumbiviorum

227 1802 237 1821 ¹
261 1803 363 1837 Edd.:
389 1816 421 1837 v.
564 1804 576 1823 ¹
606 1804 667 1836 VJ.
685 1804 907 1836 Industriam.
1065 1804 1078 1823 ³
1101 1803 1275 1845 Mayhoff:
1305 1804 1423 1837 maria.

283 1884 297 1898 ‘¹
320 1879 405 1911 Now
420 1879 537 1910 Monte
552 1879 585 1910 di
601 1879 660 1911 Po.

285 1922 297 1941 ⁶
322 1922 404 1954 Now
424 1922 482 1954 the
501 1922 604 1954 Littlc-
623 1922 690 1953 and
715 1923 819 1954 Great
841 1923 892 1955 St.
912 1922 1064 1954 Bernard
1088 1933 1223 1964 passos:
1248 1922 1308 1954 tho
1323 1932 1424 1954 name

242 1967 280 1997 of
292 1964 351 1995 the
367 1965 491 1995 former
508 1966 663 1996 sur-vivos
682 1966 714 1996 in
731 1964 790 1996 the
808 1964 953 1997 ‘Graian
971 1965 1077 2006 Alps)

281 2012 292 2026 ⁰
314 2008 399 2040 Now
415 2008 532 2040 Pavia.

239 2074 286 2110 90
