1515 2351
399 147 565 185 PLINY
581 161 589 185 ε
642 148 908 186 NATURAL
944 147 1183 186 HISTORY

197 251 406 289 fefellisset
429 254 641 301 imperium
661 251 842 288 militaris
861 251 1144 301 imprudentia.
1197 251 1384 289 laudatus

199 311 262 342 est
301 311 343 342 et
382 304 648 355 Chersiphron
688 305 858 342 Gnosius
897 305 998 342 aede
1038 304 1186 355 Ephesi
1226 305 1381 342 Dianae

198 358 421 396 admirabili
454 358 663 402 fabricata,
696 357 837 395 Philon
870 357 1042 396 Athenis
1075 361 1385 396 armamentario

197 425 246 449 cn
262 411 277 435 1
291 414 465 455 navium,
479 412 678 449 Ctesibius
698 414 955 461 pneumatica
974 414 1129 449 ratione
1151 418 1194 449 et
1212 411 1386 462 hydrau-

198 465 282 502 licis
303 468 461 515 organis
482 468 666 515 repertis,
688 464 935 502 Dinochares
955 471 1133 502 metatus
1153 465 1386 503 Alexandro

199 518 388 555 condenti
406 519 420 542 ²
448 521 487 555 in
515 520 707 569 Aegypto
735 518 1035 556 Alexandriam.
1089 518 1196 556 idem
1223 517 1287 555 hic
1313 521 1386 556 im-

200 578 362 622 perator
398 571 525 609 edixit
560 585 610 609 ne
646 574 733 622 quis
768 575 898 622 ipsum
933 572 1032 609 alius
1066 585 1187 622 quam
1222 572 1386 622 Apelles

199 628 400 676 pingeret,
420 639 540 675 quam
561 624 796 676 Pyrgoteles
814 625 1027 675 scalperet,
1046 638 1167 675 quam
1187 625 1386 676 Lysippus

200 692 251 716 ex
278 692 370 716 aere
396 679 577 723 duceret,
604 692 707 729 quae
734 684 842 716 artes
867 679 1045 729 pluribus
1071 679 1291 716 inclaruere
1318 692 1385 717 ex-

116 737 178 768 126
203 732 356 782 emplis.
410 732 644 770 XXXVIII.
676 732 863 769 Aristidis
882 732 1060 769 Thebani
1085 735 1247 783 pictoris
1265 745 1386 770 unam

116 1165 177 1196 127

117 1540 177 1571 128

199 786 379 823 tabulam
421 792 584 823 centum
631 786 795 823 talentis
841 799 911 823 rex
947 786 1110 823 Attalus
1144 786 1275 823 licitus
1310 792 1386 831 est,

199 842 407 890 octoginta
442 842 539 876 emit
578 840 677 876 duas
714 839 861 876 Caesar
897 839 1084 884 dictator,
1117 839 1309 877 Medeam
1344 846 1387 877 et

200 894 364 930 Aiacem
401 892 661 937 Timomachi,
696 895 736 929 in
773 892 925 942 templo
959 893 1125 930 Veneris
1161 893 1386 930 Genetricis

199 946 416 984 dicaturus.
459 946 683 984 Candaules
700 960 771 984 rex
792 945 975 983 Bularchi
995 949 1193 996 picturam
1217 946 1386 997 Magne-

199 1006 286 1037 tum
310 1002 423 1044 exiti,
444 999 551 1037 haud
577 1000 786 1037 mediocris
811 1003 931 1050 spati,
950 1002 1035 1050 pari
1062 999 1249 1050 rependit
1274 1014 1384 1038 auro.

200 1053 386 1090 Rhodum
426 1067 504 1090 non
550 1053 728 1091 incendit
761 1066 832 1090 rex
868 1054 1100 1091 Demetrius
1134 1059 1388 1105 expugnator

199 1109 520 1158 cognominatus,
548 1120 598 1144 nc
631 1107 811 1144 tabulam
852 1105 1087 1157 Protogenis
1127 1113 1325 1145 cremaret
1364 1121 1388 1144 a

201 1166 317 1210 parte
343 1174 391 1198 ea
414 1163 515 1198 muri
542 1160 727 1198 locatam.
783 1159 1004 1198 Praxiteles
1028 1173 1225 1198 marmore
1249 1161 1386 1198 nobili-

199 1220 309 1251 tatus
337 1219 399 1251 est
423 1214 650 1264 Gnidiaque
668 1214 824 1251 Venere
844 1217 1073 1264 praecipue,
1089 1227 1236 1252 vesano
1253 1227 1387 1252 amore

199 1268 405 1304 cuiusdam
426 1270 578 1305 iuvenis
599 1270 758 1318 insigni,
782 1274 824 1305 et
850 1267 1077 1305 Nicomedis
1105 1270 1386 1306 aestimatione

199 1324 304 1372 regis
328 1321 469 1372 grandi
501 1322 737 1359 Cnidiorum
768 1334 860 1358 aere
887 1321 1016 1358 alieno
1040 1327 1270 1371 permutare
1298 1334 1387 1359 eam

199 1378 344 1412 conati.
409 1374 573 1412 Phidiae
616 1375 798 1425 Iuppiter
833 1374 1044 1426 Olympius
1086 1375 1234 1412 cotidie
1274 1377 1388 1412 testi-

199 1431 377 1465 monium
421 1428 621 1479 perhibet,
671 1428 848 1466 Mentori
888 1428 1135 1479 Capitolinus
1169 1434 1212 1466 et
1255 1428 1387 1466 Diana

199 1481 388 1532 Ephesia,
409 1483 552 1533 quibus
574 1482 685 1519 fuere
707 1488 939 1519 consecrata
960 1485 1056 1519 artis
1079 1484 1162 1519 eius
1184 1495 1290 1519 vasa.

252 1536 443 1573 XXXIX.
480 1534 659 1573 Pretium
679 1535 848 1573 hominis
868 1538 907 1572 in
933 1538 1094 1573 servitio
1113 1537 1240 1586 geniti
1261 1538 1386 1573 maxi-

199 1603 309 1626 mum
333 1590 384 1627 ad
409 1589 514 1627 hunc
541 1590 663 1634 diem,
683 1589 791 1640 quod
811 1589 999 1640 equidem
1025 1591 1288 1640 conpererim,
1311 1588 1388 1626 fuit

593 1676 605 1695 ¹
627 1675 783 1716 sslayhoss
794 1687 802 1707 ε
829 1675 875 1707 Μ.

591 1718 604 1738 ²
624 1718 771 1750 Ritechl:
796 1718 975 1750 condente.

243 1853 258 1868 ‘¹
280 1849 465 1881 Doubtless
481 1860 524 1881 on
542 1860 562 1880 a
579 1848 678 1890 pancl
696 1849 735 1880 of
748 1848 856 1880 wood.
1043 1847 1056 1868 ὓ
1080 1847 1299 1879 Poliorcetes.

243 1898 254 1912 ‘
275 1893 383 1924 There
408 1903 492 1924 were
516 1892 610 1924 three
639 1893 736 1933 kings
760 1893 798 1923 os
819 1891 886 1923 this
909 1901 1022 1927 namo,
1048 1891 1124 1923 who
1147 1901 1244 1923 came
1268 1895 1306 1922 to
1328 1890 1387 1923 the

198 1935 318 1967 throne
335 1936 374 1967 of
387 1935 552 1976 Bithynia
568 1937 602 1967 in
619 1937 694 1972 278,
714 1936 775 1967 149
788 1934 856 1966 and
870 1936 907 1966 91
927 1943 991 1966 13.c.
1007 1933 1242 1975 respectively.
1279 1933 1386 1966 There

199 1984 396 2053 apparit-1353
414 1979 453 2010 bc
470 1988 514 2010 no
530 1978 691 2011 evidence
711 1982 748 2010 to
767 1978 860 2011 show
877 1977 986 2010 which
1005 1977 1044 2009 of
1064 1977 1122 2010 tho
1139 1977 1234 2012 three
1258 1977 1286 2009 is
1309 1976 1386 2010 here

198 2032 217 2052 a
246 2032 265 2052 u
294 2033 311 2053 e
392 2046 400 2054 .

201 2093 272 2130 590
