1515 2351
404 124 571 162 PLINY
587 138 595 161 :
647 123 912 161 NATURAL
949 122 1187 160 HISTORY

126 236 187 266 129
205 237 425 281 mergatur.
479 230 608 279 Tigris
665 235 802 267 autem
859 241 910 266 ex
966 228 1158 265 Armenia
1213 230 1387 278 acceptis

201 295 428 332 fluminibus
454 294 570 332 claris
599 293 816 331 Parthenia
842 307 888 330 ac
916 292 1208 343 Nicephorione
1233 293 1387 329 Arabas

203 360 374 397 Orroeos
404 359 716 409 Adiabenosque
756 358 1038 396 disterminans
1069 362 1110 395 et
1140 370 1259 408 quam
1289 357 1388 394 dixi·

202 439 288 462 mus
344 424 685 474 Mesopotamiam
739 422 904 467 faciens,
956 422 1134 459 lustratis
1187 421 1387 459 montibus

201 489 495 526 Gurdiaeorum
537 491 640 525 circa
683 489 908 538 Apameam
954 487 1142 524 Mcsenes
1183 486 1388 536 oppidum,

199 557 299 590 citra
319 553 543 591 Seleuciam
566 553 829 603 Babyloniam
850 564 948 588 cxxv
969 565 1007 602 p.
1029 551 1175 588 divisus
1196 553 1237 588 in
1256 550 1387 588 alveos

201 619 313 663 duos,
340 618 469 656 altero
496 617 705 655 meridiem
733 630 778 654 ac
806 615 1031 653 Seleuciam
1059 618 1162 666 petit
1192 615 1387 652 Mesenen

200 683 459 734 perfundens,
484 682 612 719 altero
636 682 688 719 ad
711 684 1030 732 septentrionem
1055 680 1182 718 flexus
1208 679 1388 717 eiusdem

199 751 332 798 gentis
360 754 476 797 tergo
503 760 666 796 campos
695 745 879 784 Cauchas
907 751 1034 790 secat,
1062 745 1130 783 ubi
1158 757 1388 782 remeavere

123 818 182 847 1:30
203 824 346 861 aquae,
399 812 605 862 Pasitigris
657 811 898 861 appellatus.
953 816 1094 860 postea
1146 812 1286 859 recipit
1339 822 1389 846 ex

124 1398 178 1428 131

203 877 342 914 Media
363 876 589 927 Choaspen,
609 882 748 926 atque,
769 882 813 913 ut
833 876 1022 919 diximus,
1041 877 1146 912 inter
1165 873 1389 911 Seleuciam

202 947 243 978 et
260 940 565 991 Ctesiphontem
582 946 720 978 vectus
736 943 776 977 in
794 938 923 977 Lacus
942 938 1179 977 Chaldaicos
1197 952 1241 976 se
1258 938 1390 976 fundit

201 1019 350 1056 eosque
371 1008 451 1042 ssu
473 1020 510 1056 p.
533 1005 799 1056 amplitudine
820 1004 975 1054 implet.
1030 1017 1122 1041 mox
1144 1009 1256 1040 vasto
1276 1002 1390 1040 alveo

202 1071 384 1121 profusus
402 1071 547 1108 dextra
566 1069 754 1107 Characis
773 1069 908 1119 oppidi
927 1068 1097 1106 insertur
1115 1071 1213 1105 mari
1233 1067 1389 1105 Persico

201 1133 224 1171 J}
254 1149 291 1185 p.
321 1149 400 1172 ore.
456 1137 561 1172 inter
583 1135 752 1172 duorum
776 1137 953 1171 amnium
977 1136 1080 1171 ostia
1103 1132 1176 1168 ᾖ
1201 1146 1238 1183 p.
1264 1132 1390 1176 fuere,

202 1206 246 1237 ut
276 1200 342 1237 alii
371 1200 552 1244 tradunt,
584 1198 674 1244 Tu)
706 1205 876 1249 utroque
906 1197 1145 1248 navigabili3
1181 1197 1251 1234 sed
1271 1197 1390 1248 longo

201 1269 385 1315 tempore
407 1263 643 1314 Euphraten
665 1263 918 1314 praeclusere
940 1261 1114 1299 Orcheni
1137 1268 1178 1299 et
1193 1260 1209 1283 ²
1231 1261 1390 1298 accolae

203 1343 318 1379 agros
350 1332 542 1380 rigantes,
559 1342 632 1366 nec
655 1331 726 1365 nisi
748 1341 820 1378 per
839 1328 988 1378 Tigrim
1011 1327 1191 1364 defertur
1206 1329 1246 1363 in
1267 1339 1389 1363 mare.

254 1393 440 1430 Proxima
468 1394 576 1444 Tigri
606 1396 716 1443 regio
747 1392 1029 1442 Parapotamia
1057 1391 1295 1441 appellatur.
1352 1393 1390 1427 in

203 1472 250 1495 ea
276 1459 428 1495 dictum
457 1464 517 1495 est
545 1458 595 1495 de
628 1456 1044 1506 Mesene—oppidum
1075 1459 1158 1493 eius
1191 1454 1391 1497 Dabitha;

203 1523 380 1570 iungitur
410 1520 632 1557 Chalonitis
663 1533 753 1556 cum
785 1518 1064 1568 Ctesiphonte,
1095 1531 1174 1554 non
1205 1517 1390 1567 palmetis

202 1585 320 1622 modo
353 1599 489 1622 verum
521 1591 561 1622 et
592 1584 682 1622 olea
712 1586 922 1634 pomisque
953 1583 1117 1620 arbusta
1132 1581 1160 1619 ³.
1219 1581 1270 1618 ad
1301 1594 1390 1618 eam

202 1653 384 1699 pervenit
426 1650 576 1700 Zagrus
621 1662 732 1686 mons
775 1662 824 1685 ex
865 1649 1058 1685 Armenia
1099 1649 1203 1684 inter
1246 1646 1390 1683 Medos

399 1763 411 1782 ²
436 1765 537 1794 xvu?
563 1761 742 1794 Racklmm.

401 1806 414 1825 ²
437 1809 477 1836 ut
492 1809 549 1837 αιιι
565 1805 628 1837 del.
646 1810 681 1837 et
697 1804 781 1841 edd„
800 1808 835 1836 et
853 1802 963 1847 (alii)
980 1806 993 1836 ἲ
1021 1803 1200 1835 Rackham.

402 1850 415 1869 ³
438 1849 629 1890 Declesscn:
659 1848 819 1879 arbustis.

250 1991 264 2005 ·
290 1985 323 2016 It
338 1995 445 2017 seems
461 1995 554 2016 more
570 1983 734 2025 probable
749 1983 827 2015 that
842 1983 901 2015 the
915 1983 1120 2014 alternative
1134 1982 1240 2024 figure
1254 1992 1324 2014 was
1339 1983 1390 2014 17.

200 2050 271 2095 436
