1515 2351
387 147 554 186 PLINY
569 162 577 187 :
629 149 894 187 NATURAL
931 148 1170 188 HISTORY

182 252 357 290 totidem
373 252 532 290 milibus
549 252 742 303 oppidum
759 251 851 290 Sala
867 253 1049 290 eiusdem
1065 255 1234 290 nominis
1251 252 1370 291 fluvio

183 325 414 373 inpositum,
461 325 542 360 iam
589 322 869 360 solitudinibus
917 325 1089 360 vicinum
1137 321 1371 374 elephanto-

183 405 352 443 rumque
398 393 588 443 gregibus
634 392 840 438 infestum‚
886 392 1014 431 multo
1059 398 1198 430 tamen
1243 395 1370 444 magis

183 462 418 500 Autololum
453 468 592 513 gente,
627 475 700 513 per
736 476 857 513 quam
892 465 970 500 iter
1006 469 1068 500 est
1104 462 1155 500 ad
1190 469 1370 501 montem

184 531 345 569 Africae
388 532 450 569 vel
497 532 833 570 fabulosissimum
881 532 1104 570 Atlantem.
1160 546 1182 570 e
1229 532 1370 571 mediis

182 600 287 639 hunc
316 601 475 640 harenis
504 605 544 639 in
572 602 729 640 caelum
758 602 887 640 attolli
915 602 1142 653 prodidere,
1171 616 1371 653 asperum,

182 671 436 722 squalentem
455 686 534 723 qua
553 678 694 723 vergat
713 673 764 710 ad
781 672 900 710 litora
917 675 1056 710 oceani
1068 674 1130 710 cui
1148 686 1372 724 cognomen

182 744 387 793 imposuit,
401 742 576 779 eundem
592 756 762 793 opacum
775 755 1111 793 nemorosumque
1124 749 1167 780 et
1179 743 1371 781 scatebris

183 811 355 849 fontium
402 815 561 863 riguum
608 825 687 863 qua
733 818 893 863 spectet
939 812 1131 858 Africam,
1178 812 1371 851 fructibus

182 884 361 919 omnium
406 895 604 933 generum
650 889 794 933 sponte
842 885 900 920 ita
946 883 1279 920 subnascentibus
1326 888 1372 920 ut

184 965 405 1002 numquam
433 955 555 990 satias
584 952 858 1003 voluptatibus
886 952 1003 990 desit.
1058 952 1276 990 incolarum
1303 965 1372 990 ne-

182 1024 332 1059 minem
360 1022 538 1060 interdiu
563 1025 686 1067 cerni,
714 1022 831 1060 silere
858 1024 993 1059 omnia
1019 1021 1119 1060 haut
1146 1022 1223 1060 alio
1250 1035 1371 1073 quam

182 1091 443 1130 solitudinum
456 1091 632 1137 horrore,
644 1093 777 1130 subire
790 1095 958 1130 tacitam
969 1092 1204 1144 religionem
1220 1095 1372 1131 animos

182 1164 343 1213 propius
394 1162 675 1200 accedentium
726 1169 969 1213 praeterque
1021 1161 1224 1200 horrorem
1276 1162 1371 1201 elati

182 1245 302 1283 super
322 1232 459 1269 nubila
479 1238 603 1283 atque
624 1235 665 1269 in
686 1235 814 1270 vicina
834 1232 982 1270 lunaris
1003 1232 1160 1276 circuli3
1197 1232 1371 1270 eundem

182 1303 366 1340 noctibus
389 1305 537 1340 micare
561 1302 709 1340 crebris
733 1303 906 1353 ignibus,
930 1303 1187 1353 Aegipanum
1210 1302 1372 1354 Satyro·

182 1385 351 1422 rumque
383 1372 543 1409 lascivia
573 1371 729 1423 inpleri,
761 1373 951 1409 tibiarum
982 1385 1028 1409 ac
1060 1371 1217 1410 fistulae
1248 1378 1371 1410 cantu

182 1447 548 1492 tympanorumque
594 1447 636 1479 et
680 1441 954 1492 cymbalorum
998 1444 1132 1479 sonitu
1176 1447 1369 1493 strepere.

182 1511 281 1549 haec
312 1511 505 1549 celebrati
538 1517 721 1549 auctores
753 1511 967 1562 prodidere
1005 1517 1169 1562 praeter
1207 1511 1371 1549 Herculi

183 1586 226 1618 et
251 1579 397 1619 Perseo
422 1581 604 1619 laborata
628 1582 694 1619 ibi.
750 1584 927 1632 spatium
951 1581 1003 1619 ad
1027 1594 1121 1619 eum
1144 1584 1370 1619 inmensum

182 1653 474 1702 incertumque.

236 1721 364 1759 Fuere
395 1728 437 1759 et
467 1721 675 1759 Hannonis
706 1721 1098 1772 Carthaginiensium
1127 1721 1237 1759 ducis
1266 1735 1371 1760 com-

182 1794 370 1829 mentarii
423 1790 581 1829 Punicis
634 1792 753 1829 rebus
806 1791 1094 1829 florentissimis
1162 1791 1370 1842 explorare

182 1861 379 1898 ambitum
424 1861 586 1898 Africae
630 1863 739 1907 iussi,
784 1874 905 1912 quem
949 1863 1077 1898 secuti
1121 1860 1302 1912 plerique
1347 1875 1371 1899 a

225 1987 239 2002 ⁸
262 1983 413 2014 Written
430 1983 465 2014 in
481 1983 587 2014 Punic
612 1982 680 2014 and
704 1982 774 2014 still
795 1985 919 2014 extant
935 1982 970 2014 in
986 1992 1006 2013 a
1022 1982 1132 2015 Greek
1150 1982 1369 2020 translation,

182 2037 236 2057 see
253 2026 327 2057 vol.
346 2026 374 2063 Ι,
390 2026 513 2064 Index,
530 2026 666 2063 Hanno,
683 2026 751 2057 and
771 2026 868 2057 Book
885 2025 913 2063 Ι,
931 2027 946 2066 ξ
965 2027 1037 2058 169.

187 2100 255 2125 222
