1515 2351
129 368 170 399 59

125 1014 168 1044 60

123 1659 162 1690 61

402 130 592 168 PLINY:
645 131 911 168 NATURAL
948 131 1186 169 HISTORY

197 235 425 272 auctoribus
452 234 630 278 Graecis,
656 237 723 285 qui
748 247 840 272 cum
865 235 1027 285 regibus
1054 235 1201 273 Indicis
1226 238 1385 280 morati,

196 301 298 335 sicut
319 298 610 348 Megasthenes
628 304 670 336 et
689 299 907 349 Dionysius
925 312 947 335 a
965 297 1230 349 Philadelpho
1246 302 1386 337 missus

198 375 248 400 ex
274 376 321 400 ea
346 376 480 406 causa,
506 366 606 400 vires
632 376 794 414 quoque
818 365 1001 414 gentium
1027 363 1253 413 prodidere.
1306 377 1385 401 non

195 433 335 464 tamen
359 433 420 464 est
443 426 680 477 diligentiae
703 427 826 472 locus,
849 427 951 465 adeo
975 427 1131 465 diversa
1155 433 1197 465 et
1221 428 1386 466 incredi-

195 491 292 528 bilia
329 492 556 529 traduntur.
613 491 833 529 Alexandri
875 491 1016 542 Magni
1054 494 1222 530 comites
1261 495 1302 529 in
1338 506 1386 531 eo

195 562 330 593 tractu
356 556 496 593 Indiae
522 569 644 607 quem
669 559 700 593 is
725 557 933 607 subegerit
958 559 1202 606 scripserunt
1228 558 1250 592 V
1275 560 1385 607 oppi-

195 621 336 658 dorum
386 620 522 663 fuisse,
566 620 718 658 nullum
768 634 831 658 MM
879 619 1038 665 minus,1
1086 623 1268 669 gentium
1316 622 1386 666 ix,²

197 685 435 736 Indiamque
467 688 632 722 tertiam
661 691 820 735 partem
852 698 940 723 esse
968 691 1165 723 terrarum
1195 689 1386 731 omnium,

195 750 496 787 multitudinem
520 749 756 800 populorum
778 752 1044 794 innumeram,
1068 749 1263 800 probabili
1288 765 1385 789 sane

194 817 375 852 ratione:
433 815 521 851 Indi
556 817 663 852 em‘m
693 817 876 865 gentium
907 828 1032 865 prope
1061 815 1133 852 soli
1165 828 1384 866 numquam

195 881 416 930 migravere
446 879 588 916 finibus
616 882 708 916 suis.
763 878 1007 929 colliguntur
1034 893 1057 916 a
1087 879 1232 917 Libero
1263 880 1383 917 Patre

194 944 245 981 ad
283 943 558 981 Alexandrum
599 944 797 995 Magnum
831 957 944 994 reges
978 957 1116 981 eorum
1148 956 1240 981 cun
1274 948 1384 982 annis

196 1008 614 1046 &secem—adiciunt
661 1015 702 1046 et
743 1022 900 1046 menses
948 1021 1007 1045 111.
1063 1011 1239 1046 amnium
1286 1012 1385 1046 mira

198 1075 388 1110 vastitas:
447 1073 630 1124 proditur
675 1072 950 1110 Alexandrum
996 1071 1104 1110 nullo
1146 1073 1212 1110 die
1257 1076 1384 1111 minus

193 1137 325 1175 stadia
346 1150 395 1175 nc
415 1141 627 1188 navigasse
649 1138 749 1175 Indo
771 1151 843 1176 nec
865 1141 1044 1188 potuisse
1064 1144 1161 1175 ante
1181 1151 1339 1176 menses
1360 1152 1383 1176 v

195 1205 411 1252 enavigare
433 1203 601 1240 adiectis
624 1205 761 1252 paucis
784 1203 939 1246 diebus,
964 1209 1004 1240 et
1027 1208 1167 1240 tamen
1190 1206 1383 1241 minorem

194 1266 338 1317 Gange
361 1280 448 1304 esse
471 1273 643 1304 constat.
699 1267 851 1304 Seneca
877 1270 1004 1304 etiam
1028 1267 1136 1317 apud
1161 1280 1230 1304 nos
1255 1273 1383 1318 temp-

193 1337 282 1368 tata
317 1331 458 1369 Indiae
492 1334 835 1369 commentatione
862 1344 907 1368 m(
933 1345 1071 1369 amnes
1098 1334 1182 1369 eius
1208 1332 1383 1382 prodidit

193 1402 336 1447 gentes
392 1396 668 1447 duodeviginti
724 1402 982 1447 centumque.
1042 1410 1115 1446 par
1167 1396 1278 1434 labos
1332 1400 1384 1435 sit

195 1467 354 1498 montes
398 1473 658 1505 enumerare3
715 1463 936 1511 iunguntur
977 1463 1082 1498 inter
1123 1474 1166 1498 se
1211 1461 1383 1506 Imavus,

194 1525 415 1570 Hemodus,
461 1525 738 1576 Paropanisus,
783 1525 997 1570 Caucasus,
1041 1539 1063 1562 a
1108 1526 1251 1576 quibus
1294 1531 1383 1563 tota

192 1590 367 1627 decurrit
387 1592 426 1626 in
447 1590 657 1640 planitiem
678 1592 901 1627 inmensam
923 1595 965 1627 et
985 1590 1177 1641 Aegypto
1197 1589 1381 1628 similem.

244 1654 391 1692 Verum
446 1661 490 1692 ut
543 1661 704 1692 terrena
758 1654 1050 1692 demonstratio
1104 1653 1381 1705 intellegatur,

393 1744 404 1763 ¹
430 1743 596 1784 Dedessen
611 1755 618 1775 :
650 1744 840 1784 cogiminus
857 1743 940 1782 (Coo
958 1744 1071 1774 minus
1086 1742 1185 1782 Jan).

391 1787 403 1806 ²
426 1788 476 1823 ff,
494 1787 680 1828 Halesum
706 1789 785 1818 mx?
817 1786 980 1827 Mayhofs.

235 1877 250 1892 ⁰
275 1872 321 1904 Or
340 1872 486 1914 perhaps
506 1872 514 1884 ⁴
531 1883 618 1903 none
638 1871 721 1903 with
740 1883 761 1903 a
781 1872 982 1913 population
1003 1871 1042 1903 of
1058 1871 1121 1903 less
1141 1871 1226 1903 than
1247 1872 1334 1904 2000
1349 1872 1379 1911 ’ς

195 1916 259 1948 but
275 1916 334 1947 the
350 1920 426 1947 text
443 1917 470 1946 is
486 1915 659 1952 doubtful,
676 1926 713 1946 aa
730 1916 757 1946 is
774 1915 852 1946 that
869 1915 907 1946 of
920 1915 978 1946 the
995 1914 1169 1956 following
1186 1915 1350 1946 numeral.

235 1958 249 1978 ⁶
272 1958 413 1990 Imavus
445 1958 515 1990 and
549 1958 726 1990 Hemodus
758 1959 947 1990 constitute
979 1958 1039 1990 tho
1073 1957 1276 1999 Himalayaa
1310 1958 1379 1990 and

195 2002 422 2043 Paropanisus
441 2003 468 2034 is
487 2001 546 2033 the
565 2002 683 2033 Hindu
704 2001 813 2033 Kush.

192 2059 261 2106 382
