1515 2351
386 109 552 147 PLINY
568 123 577 147 :
629 109 894 148 NATURAL
931 109 1169 148 HISTORY

183 213 374 264 oppidum
416 213 561 258 Noeta,
603 213 745 251 Celtici
784 215 1025 264 cognomine
1067 211 1370 258 Praestamarci,

184 272 323 309 Cileni.
378 286 427 309 ex
454 272 588 309 insulis
613 272 882 309 nominandae
908 272 1113 308 Corticata
1137 277 1179 309 et
1204 273 1367 309 Aunios.

107 335 165 366 112
187 345 210 368 a
261 331 407 368 Cilenis
468 337 687 368 conventus
739 330 951 367 Bracarum
1006 330 1177 374 Helleni,
1235 330 1369 375 Grovi,

183 389 390 426 castellum
422 390 550 440 Tyde,
583 390 827 426 Graecorum
859 389 1003 426 sobolis
1035 391 1190 433 omnia3
1217 389 1368 427 insulae

184 448 333 493 Siccae,
374 449 563 499 oppidum
606 449 818 492 Abobrica,
861 448 1010 485 Minius
1051 450 1178 485 amnis
1219 454 1262 486 N
1302 461 1369 486 ore

184 510 394 558 spatiosus,
410 507 551 552 Leuni,
565 507 719 551 Seurbi,
734 507 946 544 Bracarum
960 507 1151 557 oppidum
1167 508 1365 558 Augusta,

185 579 282 617 quos
305 580 424 617 super
447 566 670 610 Gallaecia3
708 566 857 603 flumen
881 565 1033 609 Limia;
1073 566 1221 602 Durius
1245 568 1370 602 amnis

185 639 234 663 ex
271 628 453 662 maximis
491 625 721 676 Hispaniae,
758 631 866 662 ortus
906 627 945 661 in
984 622 1280 662 Pelendonibus
1328 630 1371 662 et

185 687 298 722 iuxta
322 684 581 721 Numantiam
604 684 749 735 lapsus,
766 684 859 720 dein
883 697 955 734 per
979 684 1179 720 Arevacos
1197 683 1371 721 Vaccae-

184 756 307 794 osque
339 743 626 780 disterminatis
658 744 709 780 ab
739 743 903 780 Asturia
928 742 1182 787 Vettonibus,
1210 755 1234 779 a
1259 742 1371 779 Lusi-

185 805 296 839 tania
339 802 549 847 Gallaecis‚
592 803 646 840 ibi
689 815 847 852 quoquc
890 801 1084 839 Turdulos
1128 814 1152 838 a
1193 801 1371 839 Bracaris

185 874 334 898 arcens.
390 864 597 912 omnisque
627 861 738 898 dicta
765 863 877 911 regio
907 874 931 897 a
961 859 1169 911 Pyrenaeo
1199 860 1371 898 metallis

184 920 336 957 referta
354 923 453 964 auri,
472 922 644 970 argenti,
662 919 770 964 ferri,
788 920 940 970 plumbi
959 922 1061 969 nigri
1079 919 1251 970 albique.

107 984 166 1015 113
237 979 347 1016 XXI.
378 980 413 1016 A
439 979 564 1016 Durio
588 978 794 1016 Lusitania
815 981 976 1029 incipit:
1013 977 1177 1015 Turduli
1199 983 1371 1024 veteres,

186 1037 362 1083 Paesuri,
386 1038 535 1076 flumen
558 1038 698 1089 Vagia,
721 1038 912 1088 oppidum
933 1037 1155 1082 Talabrica,
1180 1037 1371 1088 oppidum

185 1103 227 1134 et
250 1097 400 1134 flumen
423 1098 667 1142 Aeminium,
691 1097 838 1148 oppida
860 1097 1154 1141 Coniuinbrica‚
1178 1096 1372 1148 Collippo,

186 1157 517 1194 Eburobrittium.
586 1159 761 1194 excurrit
806 1155 953 1193 deinde
999 1158 1040 1192 in
1086 1155 1212 1193 altum
1259 1161 1372 1193 vasto

183 1229 305 1253 cornu
334 1218 668 1267 promunturium,
699 1215 805 1266 quod
835 1214 956 1265 aliqui
985 1215 1207 1252 Artabrum
1236 1213 1371 1266 appel-

186 1275 332 1320 lavere,
353 1275 418 1312 alii
441 1274 652 1326 Magnum,
673 1274 789 1311 multi
810 1274 1117 1324 Olisipponense
1139 1274 1190 1311 ab
1209 1273 1372 1324 oppido,

188 1340 328 1379 terras,
381 1337 518 1379 maria,
570 1333 726 1371 caelum
778 1333 1063 1370 discriminans.
1118 1332 1184 1369 illo
1237 1332 1373 1370 finitur

189 1393 406 1444 Hispaniae
447 1393 550 1430 latus
593 1398 636 1430 et
675 1406 700 1429 a
738 1394 904 1429 circuitu
946 1394 1030 1428 eius
1071 1393 1210 1442 incipit
1250 1390 1370 1429 frons.

108 1456 167 1488 114
188 1452 320 1489 XXII.
350 1452 581 1502 Septentrio
605 1450 696 1488 hinc
719 1464 972 1501 oceanusque
998 1450 1185 1495 Gallicus,
1209 1463 1371 1487 occasus

186 1511 292 1548 illinc
318 1517 359 1548 et
391 1524 563 1547 oceanus
590 1510 829 1547 Atlanticus.
884 1511 1134 1560 promunturi
1160 1522 1370 1546 excursum

186 1575 231 1607 133
255 1570 480 1620 prodidere,
505 1569 568 1606 alii
593 1575 656 1614 ᾗ,
682 1569 731 1606 ad
758 1568 1009 1620 Pyrenaeum
1033 1568 1126 1605 inde
1152 1581 1229 1605 non
1255 1569 1370 1617 pauci

184 1635 305 1683 siulfi,
326 1635 368 1666 et
390 1629 443 1666 ibi
465 1635 631 1680 gentem
654 1629 885 1673 Artabrum,
906 1640 1008 1678 quae
1038 1640 1255 1677 numquam
1281 1626 1372 1672 fuit,

231 1769 245 1784 ⁰
268 1764 330 1796 See
348 1775 380 1805 p.
398 1766 429 1801 6,
447 1767 529 1795 note
546 1763 574 1796 b.

233 1808 245 1828 δ
268 1808 296 1838 Α
312 1809 399 1840 tribe
412 1807 600 1839 descended
615 1807 703 1839 from
718 1807 813 1838 them
828 1817 914 1838 were
929 1807 962 1837 in
978 1805 1122 1838 Farther
1135 1805 1252 1847 Spain,
1268 1805 1323 1837 ΙΙΙ
1337 1806 1368 1837 8.

231 1856 242 1870 ⁶
265 1852 358 1892 Capo
374 1851 416 1882 de
434 1850 465 1882 la
481 1851 586 1882 Roca.

234 1895 249 1914 ‘¹
272 1895 288 1925 I
295 1905 330 1926 .e.
345 1894 403 1926 the
416 1899 511 1925 coast
522 1894 610 1925 from
622 1893 713 1934 Cape
726 1893 820 1924 Roca
832 1895 869 1923 at
882 1892 940 1923 the
954 1891 1075 1923 mouth
1088 1891 1123 1923 of
1136 1891 1194 1922 the
1205 1891 1320 1932 Tagus
1332 1893 1369 1922 to

188 1938 246 1969 the
258 1938 381 1970 Straits
393 1937 428 1968 of
441 1936 622 1969 Gibraltar.
671 1936 768 1976 Pliny
782 1935 899 1967 thinks
911 1935 989 1966 that
1002 1934 1060 1966 the
1073 1938 1167 1966 coast
1179 1934 1266 1966 from
1278 1934 1368 1975 Cape

187 1981 282 2012 Boea
300 1985 336 2012 to
355 1981 537 2012 Finistcrre
554 1980 644 2011 faces
663 1979 774 2010 north.

189 2034 259 2070 206
