1515 2351
144 456 206 487 128

143 829 204 862 129

429 134 621 174 PLINY:
673 135 939 173 NATURAL
976 135 1214 174 HISTORY

226 241 550 290 cognominatam
571 251 594 274 a
612 237 775 275 flumine
797 238 933 275 Histro
952 241 992 275 in
1013 237 1206 275 Hadriam
1224 237 1414 276 effluente

227 305 249 329 e
297 292 482 329 Danuvio
528 305 646 328 amne
694 292 919 341 eodemque
968 291 1105 328 Histro
1151 291 1414 328 exadversum

228 343 325 382 Padi
343 345 491 389 fauces,
508 347 707 382 contrario
725 358 861 382 eorum
878 357 1067 395 percussu
1085 347 1183 381 mari
1200 347 1415 382 interiecto

227 399 498 442 dulcescente,
530 398 709 449 plerique
740 398 879 435 dixere
911 397 1022 442 salSO‚
1053 404 1095 435 et
1127 397 1260 448 Nepos
1291 400 1414 435 etiam

229 451 325 488 Padi
347 451 504 495 accola;
540 451 669 488 nullus
690 454 796 488 enim
818 465 867 488 ex
891 451 1075 488 Danuvio
1096 454 1222 488 amnis
1243 453 1283 488 in
1304 464 1414 488 mare

228 505 507 542 Hadriaticum
555 504 784 542 effunditur.
839 505 1032 555 deceptos
1069 504 1189 541 credo
1226 507 1415 555 quoniam

226 560 336 609 Argo
363 561 473 595 navis
494 557 656 595 flumine
677 561 716 594 in
744 571 853 595 mare
877 558 1155 595 Hadriaticum
1175 557 1414 596 descendit1

226 625 305 648 non
333 611 469 662 procul
497 611 707 662 Tergeste,
736 625 810 648 nec
838 614 916 648 iam
944 618 1103 648 constat
1131 624 1210 661 quo
1238 611 1414 649 flumine.

226 668 374 702 umeris
391 672 613 702 travectam
631 665 755 715 Alpes
772 664 1049 715 diligentiores
1066 664 1246 709 tradunt,
1262 665 1414 702 subisse

228 725 365 756 autem
391 719 541 763 Histro,
565 719 659 755 dein
683 718 798 762 Savo,
821 718 914 755 dein
940 718 1160 768 Nauporto,
1182 721 1245 755 cui
1268 731 1414 756 nomen

228 785 278 810 ex
301 785 348 810 ea
367 785 487 809 causa
510 778 587 816 est,
607 774 712 809 inter
732 773 957 808 Aemonam
978 771 1182 822 Alpesque
1204 774 1412 809 exorienti.

276 825 386 862 XIX.
419 826 571 862 Histria
601 832 646 862 ut
676 825 886 876 peninsula
916 828 1102 862 excurrit.
1158 825 1414 862 latitudinem

226 881 309 916 eius
353 885 412 923 ἧ,
453 881 662 915 circuitum
705 885 803 917 δῖνα
845 879 1055 929 prodidere
1098 878 1274 929 quidam,
1316 881 1414 916 item

226 931 482 969 adhaerentis
511 932 725 969 Liburniae
753 938 795 970 et
822 932 1015 969 Flanatici
1041 934 1163 976 sinus,
1189 932 1253 969 alii
1281 938 1415 977 ὃόΧ-Χ-ν,

226 986 291 1022 alii
318 986 532 1023 Liburniae
558 992 690 1024 ᾶῖῖεκ.
746 985 923 1023 nonnulli
948 989 987 1022 in
1014 985 1261 1023 Flanaticum
1285 988 1414 1023 sinum

227 1039 436 1089 Iapudiam
473 1052 706 1090 promovere
745 1052 768 1076 a
804 1045 921 1089 tergo
959 1039 1135 1076 Histriae
1174 1045 1285 1084 effic,
1321 1040 1414 1077 dein

226 1092 458 1130 Liburniam
481 1100 526 1131 c-1,
545 1092 689 1130 fecere.
745 1093 968 1130 Tuditanus
989 1095 1055 1143 quj
1077 1092 1234 1130 domuit
1256 1093 1413 1130 Histros

225 1149 263 1183 in
288 1153 423 1183 statua
446 1160 517 1183 sua
540 1147 592 1183 ibi
617 1149 838 1196 inscripsit:
877 1147 941 1182 Ab
965 1146 1153 1196 Aquileia
1175 1146 1226 1183 ad
1248 1146 1413 1197 Tityurn

226 1199 374 1237 flumen
403 1200 533 1237 stadia
555 1201 651 1237 MM.²
682 1200 829 1250 oppida
854 1200 1030 1236 Histriae
1051 1202 1195 1236 civium
1218 1200 1413 1237 Romano-

226 1267 312 1290 rum
349 1253 520 1304 Aegida,
559 1252 807 1298 Parentium,
843 1253 998 1290 colonia
1036 1251 1130 1290 Pola
1166 1266 1270 1303 quae
1309 1266 1414 1290 nunc

225 1305 359 1343 Pietas
394 1307 505 1350 Iulia,
538 1307 740 1357 quondam
772 1320 795 1343 a
827 1306 982 1343 Colchis
1012 1307 1198 1350 condita3
1244 1307 1359 1344 abest
1391 1320 1414 1344 a

223 1360 417 1411 Tergeste
463 1367 523 1399 αἱ
578 1374 669 1397 mox
714 1360 904 1411 oppidum
950 1360 1182 1397 Nesactium
1226 1366 1267 1398 et
1311 1373 1414 1397 nunc

569 1462 581 1482 ¹
606 1461 845 1494 descenderit?
873 1462 1050 1494 Rackham.

572 1505 585 1524 ²
609 1506 678 1536 MM
699 1505 879 1546 Dellessen:
911 1506 955 1537 M.

269 1622 284 1638 ⁸
307 1618 419 1659 Ship's
448 1618 609 1649 Harbour
634 1618 825 1656 (doubtless
848 1619 1044 1659 suggesting
1068 1617 1139 1649 also
1164 1618 1221 1650 the
1245 1623 1412 1659 portage).

224 1660 359 1692 Emona
382 1671 424 1692 on
451 1662 495 1692 its
521 1662 629 1692 banks
654 1661 739 1692 later
764 1662 901 1692 became
933 1672 953 1692 a
986 1662 1120 1692 Roman
1154 1661 1286 1703 colony,
1320 1661 1413 1694 dulia

224 1703 391 1778 Afugssma'
409 1704 476 1735 and
495 1705 521 1735 is
538 1704 596 1735 the
614 1704 754 1736 modern
776 1704 938 1741 Laibach,
962 1704 1070 1735 which
1093 1705 1120 1735 is
1141 1705 1212 1735 also
1235 1704 1293 1736 the
1314 1715 1414 1736 name

223 1757 244 1778 o
275 1753 289 1778 t
315 1757 333 1778 e
351 1748 447 1778 river.

271 1790 284 1810 ⁵
307 1790 391 1821 Now
410 1791 468 1821 the
485 1790 584 1822 Golfo
600 1790 634 1821 di
653 1790 841 1828 Quarnaro.

270 1837 283 1853 '
305 1833 342 1865 C.
358 1834 590 1874 Sempronius.
607 1834 722 1864 consul
746 1835 803 1864 129
822 1842 886 1865 mc.

269 1875 284 1895 ⁴
309 1876 366 1908 Le.
384 1878 448 1908 250
466 1876 578 1913 miloe:
609 1877 667 1908 the
684 1877 776 1909 MSS.
794 1877 871 1917 give
891 1878 976 1908 1000
992 1876 1118 1913 stades.
1132 1876 1185 1908 tle.
1203 1876 1263 1908 125
1278 1875 1412 1908 Roman

222 1918 328 1950 miles.
375 1919 447 1950 The
463 1919 596 1950 Roman
613 1919 691 1950 milo
707 1930 774 1950 was
791 1930 811 1950 a
829 1919 917 1950 little
934 1919 1066 1950 shorter
1080 1919 1166 1950 than
1183 1918 1242 1950 the
1260 1919 1410 1960 English.

266 1967 277 1981 ‘
302 1962 451 2003 Perhaps
468 1961 562 2003 Capo
579 1962 730 1994 d’lstria.

268 2008 282 2029 J
300 2005 458 2036 Believed
475 2010 511 2036 to
528 2006 568 2037 be
581 2004 693 2037 Castel
710 2005 844 2037 Nuovo.

225 2078 271 2114 94
