1515 2351
365 109 531 147 PLINY
547 123 555 147 :
608 108 874 147 NATURAL
911 108 1150 147 HISTORY

173 215 344 258 Dimuri,
372 215 543 264 Megari,
570 213 772 255 Ardabae,
801 213 956 257 Mesae,
982 213 1074 256 Abi,
1100 212 1201 257 Suri,
1227 212 1349 257 Silae,

172 293 264 316 mox
294 280 453 316 deserta
483 281 522 315 in
551 280 631 322 ςῖῖῖ,
661 278 803 328 quibus
834 280 1064 327 exuperatis
1093 276 1349 327 Organagae,

164 343 358 387 Abortae,
385 343 637 386 Bassum-tae,
663 347 706 379 et
731 342 781 378 ab
808 340 866 379 his
893 341 1130 379 solitudines
1156 342 1349 392 prioribus

166 421 294 458 pareS.
350 407 443 445 dein
470 406 695 457 Sorofages,
717 406 866 450 Arbae,
890 406 1231 456 Marogomatrae,
1255 405 1350 444 Urn-

164 473 295 509 britae
337 472 524 522 Ceaeque
568 484 736 522 quorum
781 483 834 507 x11
879 473 1062 508 nationes
1104 470 1349 521 singulisque

164 537 283 573 binae
316 537 447 580 urbes,
482 536 593 572 Asini
631 538 750 572 trium
795 535 952 572 urbium
995 534 1173 572 incolae:
1227 540 1349 585 caput

166 615 301 638 eorum
334 600 564 650 Bucephala
595 600 814 638 Alexandri
846 602 949 650 regis
980 612 1097 650 equo,
1126 601 1188 636 cui
1219 599 1350 636 fuerat

166 665 239 703 hoc
273 679 433 709 nomen,
468 666 520 702 ibi
554 665 712 715 sepulto
745 664 965 702 conditum.
1020 666 1199 701 montani
1233 677 1352 714 super

165 730 234 768 lios
273 730 452 768 Caucaso
489 730 657 767 subiecti
695 729 936 773 Sosaeadae,
974 728 1174 772 Sondrae3
1226 734 1350 766 trans·

165 798 390 845 gressisque
416 795 558 832 Indum
585 801 626 832 et
650 808 740 832 cum
766 806 813 830 eo
838 793 1142 831 decurrentibus
1167 792 1351 830 Samara-

168 861 274 903 biae,
329 860 601 903 Sambraceni,
657 859 934 903 Bisambritae,
989 858 1092 902 Orsi,
1147 858 1352 902 Andiseni,

165 925 331 961 Taxilae
366 938 455 961 eum
493 924 590 960 urbe
624 923 783 961 celebri.
838 926 917 960 iam
952 925 992 960 in
1027 922 1146 972 plana
1181 922 1352 960 demisso

165 995 314 1033 tractu,
343 991 403 1025 cui
435 991 616 1025 universo
646 1002 789 1025 nomen
821 987 1044 1031 Amendae,
1075 986 1208 1037 populi
1238 993 1352 1038 quat-

165 1060 270 1098 tuor,
287 1053 532 1097 Peucolitae,
547 1052 817 1103 Arsagalitae,
832 1052 1022 1096 Geretae,
1036 1051 1173 1089 Assoi:
1201 1054 1351 1089 etenim

166 1119 348 1169 plerique
378 1118 428 1155 ab
457 1118 667 1156 occidente
695 1131 774 1154 non
805 1117 904 1154 Indo
934 1130 1052 1154 amne
1080 1116 1351 1154 determinant

166 1183 235 1220 sed
253 1183 431 1220 adiciunt
449 1188 642 1233 quattuor
657 1184 868 1232 satrapias,
886 1181 1098 1225 Gedrosos,
1116 1179 1352 1224 Arachotas,

167 1248 296 1290 Arios,
338 1247 657 1297 Paropanisidas‚
698 1247 839 1283 ultimo
880 1246 957 1283 fine
998 1244 1181 1296 Cophete
1221 1244 1353 1289 fluvio,

168 1326 272 1363 quae
301 1315 433 1349 omnia
464 1313 649 1349 Ariorum
680 1325 766 1349 esse
792 1311 878 1348 aliis
904 1310 1050 1361 placet.
1105 1323 1179 1347 nec
1206 1323 1282 1346 non
1311 1315 1352 1347 et

168 1377 319 1428 Nysam
348 1377 488 1414 urbem
517 1377 700 1426 plerique
729 1376 870 1413 Indiae
897 1375 1128 1413 adscribunt
1156 1380 1352 1412 montem-

167 1455 244 1492 que
268 1442 427 1478 Merum
450 1441 594 1478 Libero
616 1441 723 1478 Patri
743 1454 900 1477 sacrum
920 1439 1042 1490 (unde
1062 1442 1172 1490 origo
1191 1438 1352 1476 fabulae

168 1507 270 1544 Iovis
296 1506 446 1543 femin‘e
472 1506 659 1555 editum),
684 1508 782 1542 item
810 1505 1046 1555 Aspaganos
1071 1509 1237 1555 gentem
1264 1505 1353 1540 vitis

167 1576 208 1608 et
240 1571 339 1608 lauri
374 1576 414 1607 et
448 1571 543 1607 buxi
578 1582 869 1620 pomorumque
900 1572 1077 1606 omnium
1109 1571 1151 1605 in
1183 1568 1351 1605 Graecia

167 1638 416 1672 nascentium
458 1634 645 1672 fertilem.
701 1647 806 1685 quae
845 1633 1105 1671 memoranda
1144 1646 1189 1670 ac
1229 1645 1352 1682 prope

166 1700 346 1737 fabulosa
383 1699 435 1736 de
472 1699 687 1738 fertilitate
723 1705 858 1736 terrae
895 1704 937 1736 et
974 1697 1155 1749 genere¹
1192 1696 1351 1747 frugum

166 1765 434 1814 arborumque
469 1770 539 1800 aut
575 1763 750 1800 ferarum
786 1776 832 1800 ac
869 1762 1071 1799 volucrum
1107 1768 1150 1799 et
1185 1761 1352 1799 aliorum

166 1828 396 1865 animalium
428 1828 643 1865 traduntur
674 1830 753 1864 suis
785 1840 972 1878 quaeque
1002 1826 1095 1863 locis
1127 1829 1168 1863 in
1198 1825 1353 1876 reliqua

389 1947 401 1966 ¹
424 1945 603 1988 generibus
621 1945 666 1978 vel
681 1946 899 1987 generatione
911 1947 925 1976 ἲ
957 1945 1134 1978 Rari-ham.

165 2043 236 2090 396
