1515 2351
123 322 184 352 144

122 748 183 778 145

124 1174 183 1205 146

407 158 597 196 PLINY:
650 159 914 197 NATURAL
952 159 1191 198 HISTORY

206 276 326 312 aegre
348 262 510 299 tribuno
533 265 600 312 qui
623 263 893 300 intercederet
915 268 1076 312 reperto
1099 276 1123 300 a
1144 263 1281 300 limine
1304 265 1390 314 ipso

208 318 347 353 mortis
369 321 592 360 revocatus,
613 316 743 353 alieno
764 316 959 353 beneficio
981 322 1123 366 postea
1144 319 1257 360 vixit,
1278 317 1390 353 bonis

205 369 297 406 inde
335 371 458 406 etiam
494 372 734 406 consecratis
771 383 794 406 a
830 370 1022 406 damnato
1058 383 1142 414 suo,
1179 376 1387 419 tamquam

205 436 346 473 parum
371 428 478 459 esset
502 421 676 459 faucium
701 428 808 459 reste
824 423 839 446 1
865 425 1105 459 intortarum
1130 425 1389 473 expressique

204 489 276 526 per
318 489 433 513 aures
475 478 678 526 sanguinis
721 489 850 525 poena
892 476 1067 513 exacta.²
1120 475 1308 526 equidem
1349 482 1391 514 et

206 528 383 566 Africani
408 531 614 578 sequentis
639 531 842 566 inimicum
867 528 987 566 fuisse
1012 532 1118 566 inter
1140 529 1390 566 calamitates

205 582 403 626 duxerim,
441 584 526 632 ipso
566 588 672 619 teste
715 581 992 626 Macedonico,
1031 582 1227 632 siquidem
1266 582 1390 619 dixit:

205 638 261 672 ite
289 635 370 680 filii,
396 635 598 672 celebrate
626 638 840 685 exequias;
866 649 1086 686 numquam
1111 638 1206 672 civis
1232 638 1390 672 maioris

205 688 323 726 funus
359 689 557 726 videbitis.
613 695 655 725 et
691 688 764 725 hoc
800 689 963 726 dicebat
997 691 1076 726 iam
1112 688 1314 726 Baliaricis
1349 695 1391 726 et

208 742 476 786 Dalmaticis‚³
505 745 584 779 iam
617 741 901 779 Macedonicus
931 745 1028 793 ipse.
1082 755 1220 779 verum
1251 748 1296 779 ut
1324 742 1391 779 illa

206 795 288 833 sola
306 798 447 832 iniuria
465 798 715 839 aestimetur,
734 799 821 845 quis
841 795 944 832 hunc
963 798 1047 832 iure
1066 794 1224 832 felicem
1242 795 1391 833 dixerit

205 849 476 899 periclitatum
505 849 556 886 ad
582 849 789 886 libidinem
818 851 979 893 inimici,
1007 861 1080 886 nec
1109 848 1287 886 Africani
1315 848 1390 885 sal-

206 908 305 947 tem,
324 903 482 952 perire?
517 915 615 953 quos
634 901 760 939 hostis
779 905 918 939 vicisse
938 904 1043 939 tanti
1063 901 1167 939 fuit?
1201 907 1272 939 aut
1292 915 1390 952 quos

205 969 283 992 non
323 955 492 992 honores
530 969 747 1006 currusque
786 955 852 992 illa
891 969 963 992 sua
1001 955 1191 992 violentia
1229 955 1390 992 fortuna

205 1012 413 1060 retroegit,
463 1022 534 1059 per
582 1009 757 1046 mediam
807 1010 948 1046 urbem
996 1022 1159 1046 censore
1209 1014 1391 1046 tracto—

205 1065 355 1099 etenim
390 1062 471 1098 sola
505 1062 604 1099 haec
636 1062 817 1099 morandi
851 1065 953 1099 ratio
986 1062 1316 1106 fuerat‚-—tracto
1349 1065 1389 1099 in

203 1115 445 1166 Capitolium
458 1116 565 1153 idem
577 1116 594 1139 ⁴
609 1119 648 1152 in
665 1117 771 1166 quod
788 1115 1039 1167 triumphans
1055 1118 1138 1166 ipse
1155 1115 1206 1152 de
1223 1128 1360 1152 eorum
1374 1115 1390 1139 ⁵

207 1172 358 1206 exum'is
400 1182 450 1206 ne
491 1172 668 1219 captivos
710 1169 873 1220 quidem
909 1171 964 1206 sic
1004 1169 1212 1206 traxerat?
1263 1171 1389 1206 maius

204 1222 277 1259 hoc
317 1222 444 1260 scelus
486 1222 680 1260 felicitate
721 1228 936 1260 consecuta
976 1222 1128 1260 factum
1169 1228 1245 1266 est,
1286 1225 1388 1273 peri-

203 1276 342 1313 clitato
365 1275 628 1313 Macedonico
648 1276 711 1313 vel
732 1276 850 1313 funus
871 1282 1031 1313 tantum
1052 1289 1097 1313 ac
1118 1275 1199 1313 tale
1219 1276 1388 1326 perdere

204 1332 243 1366 in
271 1343 350 1380 quo
378 1343 401 1366 a
428 1329 736 1380 triumphalibus
763 1330 896 1366 liberis
924 1335 1153 1380 portaretur
1180 1332 1220 1366 in
1247 1342 1389 1380 rogum

204 1382 313 1420 velut
344 1386 524 1433 exequiis
553 1396 713 1434 quoque
743 1382 1007 1433 triumphans.
1063 1382 1170 1420 nulla
1204 1388 1267 1420 est
1300 1396 1389 1433 pro-

356 1472 366 1491 ²
395 1471 576 1503 Ruhnken:
605 1476 705 1502 certe.

352 1514 365 1533 ¹
396 1513 444 1545 VJ.
462 1524 607 1554 poenam
623 1519 780 1545 exactam
797 1524 880 1546 esse.

353 1556 365 1575 ³
390 1557 591 1589 Beroaldus:
624 1557 847 1588 Diadematis.

349 1601 361 1618 ⁴
389 1600 563 1641 Mayhoss:
594 1600 658 1631 ille.

353 1643 365 1662 ⁶
389 1644 588 1675 Caesarius:
622 1643 765 1674 deorum
785 1645 813 1683 (ζ’
835 1643 887 1674 dei
907 1648 1051 1674 ornatus
1071 1642 1252 1684 Mayhoff).

245 1764 329 1795 ‘As
357 1769 494 1806 praetor
519 1766 554 1796 in
577 1766 638 1796 148
667 1773 696 1796 n.
700 1774 730 1796 c
753 1765 794 1795 ho
820 1764 950 1796 carried
969 1774 1014 1795 on
1040 1775 1109 1795 war
1134 1765 1167 1796 in
1187 1763 1388 1796 Macedonia

204 1809 338 1848 against
366 1808 424 1839 the
449 1818 592 1848 usurpet
617 1807 805 1838 Andriscus
828 1807 938 1838 whom
966 1807 1007 1839 hc
1032 1807 1190 1839 defeated
1213 1807 1282 1838 and
1304 1807 1386 1839 took

203 1851 365 1891 prisoner.
414 1850 476 1881 His
499 1850 608 1882 oldest
631 1861 704 1886 son,
722 1850 818 1881 when
843 1850 960 1882 consul
982 1851 1042 1882 123
1062 1859 1140 1887 13.c.,
1156 1850 1312 1882 subdued
1329 1850 1386 1882 the

201 1893 352 1924 Balearic
370 1892 513 1930 lalanda,
532 1893 601 1925 and
617 1893 669 1925 hin
687 1893 840 1934 nephew,
859 1893 975 1925 consul
995 1895 1056 1925 119
1074 1901 1152 1929 120..
1171 1893 1228 1925 the
1246 1892 1384 1924 Dalma-

200 1938 332 2009 tiaaner
351 1978 418 2009 had
438 1983 498 2009 not
518 1978 602 2009 bccn
620 1977 784 2009 executed
804 1981 865 2009 out
883 1977 922 2009 of
942 1977 1033 2009 hand
1053 1980 1085 2010 in
1104 1977 1203 2009 order
1220 1977 1299 2009 that
1317 1977 1385 2009 this

203 2021 332 2052 further
347 2021 516 2063 indignity
533 2021 644 2062 might
660 2021 701 2052 be
715 2021 866 2052 inflicted
881 2031 926 2052 on
941 2021 1022 2052 him.

203 2083 272 2119 602
