<?xml version="1.0" encoding="UTF-8"?>
<!DOCTYPE html PUBLIC "-//W3C//DTD XHTML 1.0 Transitional//EN"
    "http://www.w3.org/TR/xhtml1/DTD/xhtml1-transitional.dtd">
<html xmlns="http://www.w3.org/1999/xhtml" xml:lang="en" lang="en">
 <head>
  <title>
</title>
<meta http-equiv="Content-Type" content="text/html;charset=utf-8" />
  <meta name='ocr-system' content='tesseract 3.04.00' />
  <meta name='ocr-capabilities' content='ocr_page ocr_carea ocr_par ocr_line ocrx_word'/>
</head>
<body>
  <div class='ocr_page' id='page_1' title='image "./naturalhistory02plinuoft/naturalhistory02plinuoft_0356.png"; bbox 0 0 1515 2351; ppageno 0'>
   <div class='ocr_carea' id='block_1_1' title="bbox 155 214 175 246">
    <p class='ocr_par' dir='ltr' id='par_1_1' title="bbox 155 214 175 246">
     <span class='ocr_line' id='line_1_1' title="bbox 155 214 175 246; baseline 0 0"><span class='ocrx_word' id='word_1_1' title='bbox 155 214 175 246; x_wconf 88' lang='lat'>3</span> 
     </span>
    </p>
   </div>
   <div class='ocr_carea' id='block_1_2' title="bbox 408 106 1186 146">
    <p class='ocr_par' dir='ltr' id='par_1_2' title="bbox 408 106 1186 146">
     <span class='ocr_line' id='line_1_2' title="bbox 408 106 1186 146; baseline 0.001 -2"><span class='ocrx_word' id='word_1_2' title='bbox 408 106 596 145; x_wconf 83' lang='lat' dir='ltr'>PLINY:</span> <span class='ocrx_word' id='word_1_3' title='bbox 649 108 912 146; x_wconf 84' lang='lat' dir='ltr'><strong>NATURAL</strong></span> <span class='ocrx_word' id='word_1_4' title='bbox 949 108 1186 146; x_wconf 87' lang='lat' dir='ltr'>HISTORY</span> 
     </span>
    </p>
   </div>
   <div class='ocr_carea' id='block_1_3' title="bbox 205 209 1386 1161">
    <p class='ocr_par' dir='ltr' id='par_1_3' title="bbox 205 209 1384 581">
     <span class='ocr_line' id='line_1_3' title="bbox 261 209 1384 260; baseline 0.002 -14"><span class='ocrx_word' id='word_1_5' title='bbox 261 209 494 247; x_wconf 88' lang='lat' dir='ltr'>Mensuram</span> <span class='ocrx_word' id='word_1_6' title='bbox 524 210 638 248; x_wconf 84' lang='lat' dir='ltr'>Ponti</span> <span class='ocrx_word' id='word_1_7' title='bbox 667 224 689 247; x_wconf 88' lang='lat' dir='ltr'>a</span> <span class='ocrx_word' id='word_1_8' title='bbox 718 211 892 260; x_wconf 89' lang='lat' dir='ltr'>Bosporo</span> <span class='ocrx_word' id='word_1_9' title='bbox 919 210 970 248; x_wconf 87' lang='lat' dir='ltr'>ad</span> <span class='ocrx_word' id='word_1_10' title='bbox 1001 210 1226 248; x_wconf 85' lang='lat' dir='ltr'>Maeotium</span> <span class='ocrx_word' id='word_1_11' title='bbox 1252 210 1384 248; x_wconf 91' lang='lat' dir='ltr'>lacum</span> 
     </span>
     <span class='ocr_line' id='line_1_4' title="bbox 207 273 1383 325; baseline 0.002 -15"><span class='ocrx_word' id='word_1_12' title='bbox 207 273 367 323; x_wconf 91' lang='lat' dir='ltr'>quidam</span> <span class='ocrx_word' id='word_1_13' title='bbox 381 274 511 312; x_wconf 90' lang='lat' dir='ltr'>fecere</span> <span class='ocrx_word' id='word_1_14' title='bbox 529 274 617 325; x_wconf 58' lang='grc' dir='ltr'><strong>[Ἐκ-Ἰ</strong></span> <span class='ocrx_word' id='word_1_15' title='bbox 636 286 786 310; x_wconf 67' lang='lat' dir='ltr'>xnvm</span> <span class='ocrx_word' id='word_1_16' title='bbox 802 287 840 318; x_wconf 85' lang='lat' dir='ltr'>n,</span> <span class='ocrx_word' id='word_1_17' title='bbox 855 273 1140 312; x_wconf 83' lang='lat' dir='ltr'>Eratosthenes</span> <span class='ocrx_word' id='word_1_18' title='bbox 1156 276 1177 312; x_wconf 73' lang='grc' dir='ltr'>’ὃ</span> <span class='ocrx_word' id='word_1_19' title='bbox 1192 278 1383 312; x_wconf 87' lang='lat' dir='ltr'>minorem</span> 
     </span>
     <span class='ocr_line' id='line_1_5' title="bbox 206 337 1383 392; baseline 0.001 -18"><span class='ocrx_word' id='word_1_20' title='bbox 206 339 384 388; x_wconf 85' lang='lat' dir='ltr'>Agrippa</span> <span class='ocrx_word' id='word_1_21' title='bbox 408 352 430 375; x_wconf 90' lang='lat' dir='ltr'>a</span> <span class='ocrx_word' id='word_1_22' title='bbox 453 338 710 375; x_wconf 83' lang='lat' dir='ltr'>Calchadone</span> <span class='ocrx_word' id='word_1_23' title='bbox 727 337 778 375; x_wconf 81' lang='lat' dir='ltr'>ad</span> <span class='ocrx_word' id='word_1_24' title='bbox 795 337 954 375; x_wconf 88' lang='lat' dir='ltr'>Phasim</span> <span class='ocrx_word' id='word_1_25' title='bbox 976 344 1040 392; x_wconf 66' lang='grc' dir='ltr'>βῆ,</span> <span class='ocrx_word' id='word_1_26' title='bbox 1057 339 1149 376; x_wconf 90' lang='lat' dir='ltr'>inde</span> <span class='ocrx_word' id='word_1_27' title='bbox 1167 338 1383 389; x_wconf 89' lang='lat' dir='ltr'>Bosporum</span> 
     </span>
     <span class='ocr_line' id='line_1_6' title="bbox 206 402 1384 453; baseline 0 -14"><span class='ocrx_word' id='word_1_28' title='bbox 206 402 461 439; x_wconf 85' lang='lat' dir='ltr'>Cimmerium</span> <span class='ocrx_word' id='word_1_29' title='bbox 491 405 618 439; x_wconf 49' lang='grc' dir='ltr'>ἀῶ.</span> <span class='ocrx_word' id='word_1_30' title='bbox 672 415 741 439; x_wconf 89' lang='lat' dir='ltr'>nos</span> <span class='ocrx_word' id='word_1_31' title='bbox 771 402 983 440; x_wconf 84' lang='lat' dir='ltr'>intervalla</span> <span class='ocrx_word' id='word_1_32' title='bbox 1011 406 1235 453; x_wconf 81' lang='lat' dir='ltr'>generatim</span> <span class='ocrx_word' id='word_1_33' title='bbox 1265 416 1384 453; x_wconf 85' lang='lat' dir='ltr'>ponc-</span> 
     </span>
     <span class='ocr_line' id='line_1_7' title="bbox 205 466 1384 518; baseline 0.002 -16"><span class='ocrx_word' id='word_1_34' title='bbox 205 479 291 502; x_wconf 88' lang='lat' dir='ltr'>mus</span> <span class='ocrx_word' id='word_1_35' title='bbox 307 466 321 489; x_wconf 85' lang='lat'>1</span> <span class='ocrx_word' id='word_1_36' title='bbox 344 472 537 516; x_wconf 87' lang='lat' dir='ltr'>conperta</span> <span class='ocrx_word' id='word_1_37' title='bbox 558 468 598 502; x_wconf 90' lang='lat' dir='ltr'>in</span> <span class='ocrx_word' id='word_1_38' title='bbox 619 479 716 503; x_wconf 88' lang='lat' dir='ltr'>aevo</span> <span class='ocrx_word' id='word_1_39' title='bbox 739 472 888 511; x_wconf 87' lang='lat' dir='ltr'>nostro,</span> <span class='ocrx_word' id='word_1_40' title='bbox 910 467 1071 518; x_wconf 87' lang='lat' dir='ltr'>quando</span> <span class='ocrx_word' id='word_1_41' title='bbox 1094 469 1217 504; x_wconf 87' lang='lat' dir='ltr'>etiam</span> <span class='ocrx_word' id='word_1_42' title='bbox 1240 470 1279 504; x_wconf 90' lang='lat' dir='ltr'>in</span> <span class='ocrx_word' id='word_1_43' title='bbox 1301 470 1384 517; x_wconf 92' lang='lat' dir='ltr'>ipso</span> 
     </span>
     <span class='ocr_line' id='line_1_8' title="bbox 209 530 845 581; baseline 0.002 -15"><span class='ocrx_word' id='word_1_44' title='bbox 209 543 276 567; x_wconf 90' lang='lat' dir='ltr'>ore</span> <span class='ocrx_word' id='word_1_45' title='bbox 295 530 508 568; x_wconf 88' lang='lat' dir='ltr'>Cimmerio</span> <span class='ocrx_word' id='word_1_46' title='bbox 527 537 752 581; x_wconf 87' lang='lat' dir='ltr'>pugnatum</span> <span class='ocrx_word' id='word_1_47' title='bbox 771 537 845 568; x_wconf 89' lang='lat' dir='ltr'>est.</span> 
     </span>
    </p>

    <p class='ocr_par' dir='ltr' id='par_1_4' title="bbox 205 594 1386 1161">
     <span class='ocr_line' id='line_1_9' title="bbox 261 594 1384 646; baseline 0.002 -15"><span class='ocrx_word' id='word_1_48' title='bbox 261 595 367 645; x_wconf 88' lang='lat' dir='ltr'>Ergo</span> <span class='ocrx_word' id='word_1_49' title='bbox 395 609 418 631; x_wconf 93' lang='lat' dir='ltr'>a</span> <span class='ocrx_word' id='word_1_50' title='bbox 445 594 625 632; x_wconf 87' lang='lat' dir='ltr'>faucibus</span> <span class='ocrx_word' id='word_1_51' title='bbox 654 595 817 645; x_wconf 88' lang='lat' dir='ltr'>Bospori</span> <span class='ocrx_word' id='word_1_52' title='bbox 845 601 907 633; x_wconf 86' lang='lat' dir='ltr'>est</span> <span class='ocrx_word' id='word_1_53' title='bbox 935 599 1061 633; x_wconf 89' lang='lat' dir='ltr'>amnis</span> <span class='ocrx_word' id='word_1_54' title='bbox 1091 596 1237 640; x_wconf 86' lang='lat' dir='ltr'>Rebas,</span> <span class='ocrx_word' id='word_1_55' title='bbox 1265 609 1384 646; x_wconf 89' lang='lat' dir='ltr'>quem</span> 
     </span>
     <span class='ocr_line' id='line_1_10' title="bbox 207 658 1384 710; baseline 0.001 -14"><span class='ocrx_word' id='word_1_56' title='bbox 207 659 328 710; x_wconf 89' lang='lat' dir='ltr'>aliqui</span> <span class='ocrx_word' id='word_1_57' title='bbox 354 658 529 696; x_wconf 88' lang='lat' dir='ltr'>Rhesum</span> <span class='ocrx_word' id='word_1_58' title='bbox 554 659 763 703; x_wconf 85' lang='lat' dir='ltr'>dixerunt3</span> <span class='ocrx_word' id='word_1_59' title='bbox 801 659 893 696; x_wconf 90' lang='lat' dir='ltr'>dein</span> <span class='ocrx_word' id='word_1_60' title='bbox 918 659 1039 710; x_wconf 87' lang='lat' dir='ltr'>Syris,</span> <span class='ocrx_word' id='word_1_61' title='bbox 1063 666 1199 710; x_wconf 89' lang='lat' dir='ltr'>portus</span> <span class='ocrx_word' id='word_1_62' title='bbox 1224 659 1384 710; x_wconf 86' lang='lat' dir='ltr'>Calpas,</span> 
     </span>
     <span class='ocr_line' id='line_1_11' title="bbox 206 722 1384 775; baseline 0.001 -15"><span class='ocrx_word' id='word_1_63' title='bbox 206 722 420 774; x_wconf 83' lang='lat' dir='ltr'>Sangarius</span> <span class='ocrx_word' id='word_1_64' title='bbox 437 723 576 760; x_wconf 83' lang='lat' dir='ltr'>fluvius</span> <span class='ocrx_word' id='word_1_65' title='bbox 591 736 640 761; x_wconf 83' lang='lat' dir='ltr'>ex</span> <span class='ocrx_word' id='word_1_66' title='bbox 653 723 810 761; x_wconf 82' lang='lat' dir='ltr'>inclutis</span> <span class='ocrx_word' id='word_1_67' title='bbox 825 736 833 767; x_wconf 92' lang='lat'>;</span> <span class='ocrx_word' id='word_1_68' title='bbox 853 727 977 761; x_wconf 90' lang='lat' dir='ltr'>oritur</span> <span class='ocrx_word' id='word_1_69' title='bbox 989 727 1029 761; x_wconf 92' lang='lat' dir='ltr'>in</span> <span class='ocrx_word' id='word_1_70' title='bbox 1042 723 1229 775; x_wconf 86' lang='lat' dir='ltr'>Phrygia,</span> <span class='ocrx_word' id='word_1_71' title='bbox 1242 727 1384 774; x_wconf 87' lang='lat' dir='ltr'>accipit</span> 
     </span>
     <span class='ocr_line' id='line_1_12' title="bbox 206 788 1385 839; baseline 0.001 -14"><span class='ocrx_word' id='word_1_72' title='bbox 206 794 337 825; x_wconf 87' lang='lat' dir='ltr'>vastos</span> <span class='ocrx_word' id='word_1_73' title='bbox 370 802 521 832; x_wconf 78' lang='lat' dir='ltr'>amnes,</span> <span class='ocrx_word' id='word_1_74' title='bbox 553 790 658 825; x_wconf 89' lang='lat' dir='ltr'>inter</span> <span class='ocrx_word' id='word_1_75' title='bbox 691 801 788 838; x_wconf 92' lang='lat' dir='ltr'>quos</span> <span class='ocrx_word' id='word_1_76' title='bbox 820 788 1104 839; x_wconf 86' lang='lat' dir='ltr'>Tembrogium</span> <span class='ocrx_word' id='word_1_77' title='bbox 1137 794 1180 826; x_wconf 85' lang='lat' dir='ltr'>et</span> <span class='ocrx_word' id='word_1_78' title='bbox 1212 788 1385 834; x_wconf 89' lang='lat' dir='ltr'>Gallum,</span> 
     </span>
     <span class='ocr_line' id='line_1_13' title="bbox 205 852 1385 904; baseline 0.001 -15"><span class='ocrx_word' id='word_1_79' title='bbox 205 853 313 890; x_wconf 90' lang='lat' dir='ltr'>idem</span> <span class='ocrx_word' id='word_1_80' title='bbox 348 852 548 903; x_wconf 85' lang='lat' dir='ltr'>Sagiarius</span> <span class='ocrx_word' id='word_1_81' title='bbox 583 852 782 903; x_wconf 87' lang='lat' dir='ltr'>plerisque</span> <span class='ocrx_word' id='word_1_82' title='bbox 819 853 972 897; x_wconf 81' lang='lat' dir='ltr'>dictus3</span> <span class='ocrx_word' id='word_1_83' title='bbox 1022 853 1212 897; x_wconf 88' lang='lat' dir='ltr'>Coralius,</span> <span class='ocrx_word' id='word_1_84' title='bbox 1248 867 1272 890; x_wconf 88' lang='lat' dir='ltr'>a</span> <span class='ocrx_word' id='word_1_85' title='bbox 1307 866 1385 904; x_wconf 93' lang='lat' dir='ltr'>quo</span> 
     </span>
     <span class='ocr_line' id='line_1_14' title="bbox 206 916 1386 968; baseline 0.001 -15"><span class='ocrx_word' id='word_1_86' title='bbox 206 919 399 967; x_wconf 86' lang='lat' dir='ltr'>incipiunt</span> <span class='ocrx_word' id='word_1_87' title='bbox 439 916 708 968; x_wconf 86' lang='lat' dir='ltr'>Mariandyni,</span> <span class='ocrx_word' id='word_1_88' title='bbox 740 919 847 954; x_wconf 89' lang='lat' dir='ltr'>sinus</span> <span class='ocrx_word' id='word_1_89' title='bbox 885 917 1156 968; x_wconf 89' lang='lat' dir='ltr'>oppidumque</span> <span class='ocrx_word' id='word_1_90' title='bbox 1190 917 1386 954; x_wconf 86' lang='lat' dir='ltr'>Heraclea</span> 
     </span>
     <span class='ocr_line' id='line_1_15' title="bbox 208 980 1385 1033; baseline 0 -15"><span class='ocrx_word' id='word_1_91' title='bbox 208 981 316 1032; x_wconf 86' lang='lat' dir='ltr'>Lyco</span> <span class='ocrx_word' id='word_1_92' title='bbox 328 980 479 1018; x_wconf 90' lang='lat' dir='ltr'>flumini</span> <span class='ocrx_word' id='word_1_93' title='bbox 500 981 895 1032; x_wconf 85' lang='lat' dir='ltr'>adpositum—abest</span> <span class='ocrx_word' id='word_1_94' title='bbox 915 995 938 1018; x_wconf 87' lang='lat' dir='ltr'>a</span> <span class='ocrx_word' id='word_1_95' title='bbox 958 980 1076 1019; x_wconf 85' lang='lat' dir='ltr'>Ponti</span> <span class='ocrx_word' id='word_1_96' title='bbox 1095 995 1162 1019; x_wconf 90' lang='lat' dir='ltr'>ore</span> <span class='ocrx_word' id='word_1_97' title='bbox 1183 982 1385 1033; x_wconf 46' lang='grc' dir='ltr'>ἵξῃ-ροτ-</span> 
     </span>
     <span class='ocr_line' id='line_1_16' title="bbox 205 1045 1386 1097; baseline 0.001 -15"><span class='ocrx_word' id='word_1_98' title='bbox 205 1051 270 1082; x_wconf 91' lang='lat' dir='ltr'>tus</span> <span class='ocrx_word' id='word_1_99' title='bbox 294 1046 457 1083; x_wconf 87' lang='lat' dir='ltr'>Aconae</span> <span class='ocrx_word' id='word_1_100' title='bbox 481 1059 636 1083; x_wconf 88' lang='lat' dir='ltr'>veneno</span> <span class='ocrx_word' id='word_1_101' title='bbox 661 1048 819 1083; x_wconf 88' lang='lat' dir='ltr'>aconito</span> <span class='ocrx_word' id='word_1_102' title='bbox 843 1045 965 1091; x_wconf 89' lang='lat' dir='ltr'>dirus,</span> <span class='ocrx_word' id='word_1_103' title='bbox 989 1059 1129 1097; x_wconf 89' lang='lat' dir='ltr'>specus</span> <span class='ocrx_word' id='word_1_104' title='bbox 1154 1045 1386 1092; x_wconf 88' lang='lat' dir='ltr'>Acherusia,</span> 
     </span>
     <span class='ocr_line' id='line_1_17' title="bbox 206 1108 1384 1161; baseline 0.002 -15"><span class='ocrx_word' id='word_1_105' title='bbox 206 1109 369 1147; x_wconf 88' lang='lat' dir='ltr'>flumina</span> <span class='ocrx_word' id='word_1_106' title='bbox 389 1108 654 1161; x_wconf 89' lang='lat' dir='ltr'>Paedopides,</span> <span class='ocrx_word' id='word_1_107' title='bbox 674 1109 954 1155; x_wconf 85' lang='lat' dir='ltr'>Callichorum‚</span> <span class='ocrx_word' id='word_1_108' title='bbox 969 1109 1180 1155; x_wconf 88' lang='lat' dir='ltr'>Sonautes,</span> <span class='ocrx_word' id='word_1_109' title='bbox 1195 1110 1384 1161; x_wconf 91' lang='lat' dir='ltr'>oppidum</span> 
     </span>
    </p>
   </div>
   <div class='ocr_carea' id='block_1_4' title="bbox 619 1176 769 1180">
    <p class='ocr_par' dir='ltr' id='par_1_5' title="bbox 619 1176 769 1180">
     <span class='ocr_line' id='line_1_18' title="bbox 619 1176 769 1180; baseline 0 0"><span class='ocrx_word' id='word_1_110' title='bbox 619 1176 769 1180; x_wconf 95' lang='lat' dir='ltr'> </span> 
     </span>
    </p>
   </div>
   <div class='ocr_carea' id='block_1_5' title="bbox 152 1173 1386 1225">
    <p class='ocr_par' dir='ltr' id='par_1_6' title="bbox 152 1173 1386 1225">
     <span class='ocr_line' id='line_1_19' title="bbox 152 1173 1386 1225; baseline 0.001 -14"><span class='ocrx_word' id='word_1_111' title='bbox 152 1182 172 1211; x_wconf 88' lang='lat'>5</span> <span class='ocrx_word' id='word_1_112' title='bbox 197 1174 313 1211; x_wconf 92' lang='lat' dir='ltr'>Tium</span> <span class='ocrx_word' id='word_1_113' title='bbox 329 1175 379 1212; x_wconf 92' lang='lat' dir='ltr'>ab</span> <span class='ocrx_word' id='word_1_114' title='bbox 400 1174 597 1212; x_wconf 89' lang='lat' dir='ltr'>Heraclea</span> <span class='ocrx_word' id='word_1_115' title='bbox 621 1187 768 1211; x_wconf 56' lang='lat' dir='ltr'>xxxvm</span> <span class='ocrx_word' id='word_1_116' title='bbox 792 1189 847 1225; x_wconf 91' lang='lat' dir='ltr'>p.‚</span> <span class='ocrx_word' id='word_1_117' title='bbox 868 1173 1007 1212; x_wconf 90' lang='lat' dir='ltr'>fluvius</span> <span class='ocrx_word' id='word_1_118' title='bbox 1027 1174 1147 1212; x_wconf 88' lang='lat' dir='ltr'>Billis.</span> <span class='ocrx_word' id='word_1_119' title='bbox 1198 1175 1251 1212; x_wconf 92' lang='lat'>11.</span> <span class='ocrx_word' id='word_1_120' title='bbox 1281 1175 1386 1212; x_wconf 84' lang='lat' dir='ltr'>ultra</span> 
     </span>
    </p>
   </div>
   <div class='ocr_carea' id='block_1_6' title="bbox 150 1695 170 1725">
    <p class='ocr_par' dir='ltr' id='par_1_7' title="bbox 150 1695 170 1725">
     <span class='ocr_line' id='line_1_20' title="bbox 150 1695 170 1725; baseline 0 0"><span class='ocrx_word' id='word_1_121' title='bbox 150 1695 170 1725; x_wconf 88' lang='lat'>6</span> 
     </span>
    </p>
   </div>
   <div class='ocr_carea' id='block_1_7' title="bbox 201 1238 1386 1803">
    <p class='ocr_par' dir='ltr' id='par_1_8' title="bbox 201 1238 1386 1803">
     <span class='ocr_line' id='line_1_21' title="bbox 202 1238 1384 1290; baseline -0.001 -14"><span class='ocrx_word' id='word_1_122' title='bbox 202 1252 322 1290; x_wconf 89' lang='lat' dir='ltr'>quem</span> <span class='ocrx_word' id='word_1_123' title='bbox 350 1252 449 1290; x_wconf 88' lang='lat' dir='ltr'>gens</span> <span class='ocrx_word' id='word_1_124' title='bbox 478 1238 763 1290; x_wconf 85' lang='lat' dir='ltr'>Paphlagonia,</span> <span class='ocrx_word' id='word_1_125' title='bbox 790 1252 910 1289; x_wconf 88' lang='lat' dir='ltr'>quam</span> <span class='ocrx_word' id='word_1_126' title='bbox 937 1238 1236 1290; x_wconf 85' lang='lat' dir='ltr'>Pylaemeniam</span> <span class='ocrx_word' id='word_1_127' title='bbox 1266 1239 1384 1289; x_wconf 90' lang='lat' dir='ltr'>aliqui</span> 
     </span>
     <span class='ocr_line' id='line_1_22' title="bbox 201 1302 1385 1354; baseline 0 -14"><span class='ocrx_word' id='word_1_128' title='bbox 201 1303 404 1349; x_wconf 78' lang='lat' dir='ltr'>dixerunt,</span> <span class='ocrx_word' id='word_1_129' title='bbox 423 1303 615 1340; x_wconf 87' lang='lat' dir='ltr'>inclusam</span> <span class='ocrx_word' id='word_1_130' title='bbox 636 1316 660 1339; x_wconf 86' lang='lat' dir='ltr'>a</span> <span class='ocrx_word' id='word_1_131' title='bbox 678 1309 795 1354; x_wconf 86' lang='lat' dir='ltr'>tergo</span> <span class='ocrx_word' id='word_1_132' title='bbox 816 1303 990 1348; x_wconf 90' lang='lat' dir='ltr'>Galatia,</span> <span class='ocrx_word' id='word_1_133' title='bbox 1010 1303 1201 1354; x_wconf 88' lang='lat' dir='ltr'>oppidum</span> <span class='ocrx_word' id='word_1_134' title='bbox 1223 1302 1385 1354; x_wconf 86' lang='lat' dir='ltr'>Mastya</span> 
     </span>
     <span class='ocr_line' id='line_1_23' title="bbox 203 1366 1386 1418; baseline 0.002 -15"><span class='ocrx_word' id='word_1_135' title='bbox 203 1367 465 1413; x_wconf 82' lang='lat' dir='ltr'>Milesiorum,</span> <span class='ocrx_word' id='word_1_136' title='bbox 500 1368 594 1405; x_wconf 90' lang='lat' dir='ltr'>dein</span> <span class='ocrx_word' id='word_1_137' title='bbox 628 1366 813 1412; x_wconf 90' lang='lat' dir='ltr'>Cromna,</span> <span class='ocrx_word' id='word_1_138' title='bbox 847 1381 926 1418; x_wconf 90' lang='lat' dir='ltr'>quo</span> <span class='ocrx_word' id='word_1_139' title='bbox 958 1367 1045 1405; x_wconf 91' lang='lat' dir='ltr'>loco</span> <span class='ocrx_word' id='word_1_140' title='bbox 1079 1368 1230 1405; x_wconf 81' lang='lat' dir='ltr'>Enetos</span> <span class='ocrx_word' id='word_1_141' title='bbox 1264 1367 1386 1405; x_wconf 83' lang='lat' dir='ltr'>adicit</span> 
     </span>
     <span class='ocr_line' id='line_1_24' title="bbox 202 1432 1385 1483; baseline 0.001 -14"><span class='ocrx_word' id='word_1_142' title='bbox 202 1432 336 1483; x_wconf 83' lang='lat' dir='ltr'>Nepos</span> <span class='ocrx_word' id='word_1_143' title='bbox 356 1432 575 1477; x_wconf 87' lang='lat' dir='ltr'>Cornelius,</span> <span class='ocrx_word' id='word_1_144' title='bbox 596 1446 619 1468; x_wconf 90' lang='lat' dir='ltr'>a</span> <span class='ocrx_word' id='word_1_145' title='bbox 640 1432 782 1482; x_wconf 88' lang='lat' dir='ltr'>quibus</span> <span class='ocrx_word' id='word_1_146' title='bbox 802 1434 843 1468; x_wconf 89' lang='lat' dir='ltr'>in</span> <span class='ocrx_word' id='word_1_147' title='bbox 864 1432 983 1469; x_wconf 89' lang='lat' dir='ltr'>Italia</span> <span class='ocrx_word' id='word_1_148' title='bbox 1003 1438 1110 1469; x_wconf 90' lang='lat' dir='ltr'>ortos</span> <span class='ocrx_word' id='word_1_149' title='bbox 1129 1435 1385 1483; x_wconf 84' lang='lat' dir='ltr'>cognomines</span> 
     </span>
     <span class='ocr_line' id='line_1_25' title="bbox 205 1495 1384 1546; baseline 0 -13"><span class='ocrx_word' id='word_1_150' title='bbox 205 1510 342 1534; x_wconf 86' lang='lat' dir='ltr'>eorum</span> <span class='ocrx_word' id='word_1_151' title='bbox 392 1496 568 1534; x_wconf 86' lang='lat' dir='ltr'>Venetos</span> <span class='ocrx_word' id='word_1_152' title='bbox 615 1496 724 1533; x_wconf 81' lang='lat' dir='ltr'>credi</span> <span class='ocrx_word' id='word_1_153' title='bbox 772 1496 922 1533; x_wconf 89' lang='lat' dir='ltr'>debere</span> <span class='ocrx_word' id='word_1_154' title='bbox 941 1496 956 1519; x_wconf 83' lang='lat'><strong>²</strong></span> <span class='ocrx_word' id='word_1_155' title='bbox 1014 1502 1146 1546; x_wconf 86' lang='lat' dir='ltr'>putat,</span> <span class='ocrx_word' id='word_1_156' title='bbox 1194 1495 1384 1534; x_wconf 90' lang='lat' dir='ltr'>Sesamon</span> 
     </span>
     <span class='ocr_line' id='line_1_26' title="bbox 202 1560 1385 1612; baseline -0.001 -14"><span class='ocrx_word' id='word_1_157' title='bbox 202 1561 406 1612; x_wconf 88' lang='lat' dir='ltr'>oppidum,</span> <span class='ocrx_word' id='word_1_158' title='bbox 433 1561 539 1611; x_wconf 91' lang='lat' dir='ltr'>quod</span> <span class='ocrx_word' id='word_1_159' title='bbox 565 1573 669 1597; x_wconf 88' lang='lat' dir='ltr'>nunc</span> <span class='ocrx_word' id='word_1_160' title='bbox 695 1560 906 1604; x_wconf 82' lang='lat' dir='ltr'>Amastris,</span> <span class='ocrx_word' id='word_1_161' title='bbox 931 1574 1044 1597; x_wconf 91' lang='lat' dir='ltr'>mons</span> <span class='ocrx_word' id='word_1_162' title='bbox 1071 1561 1240 1611; x_wconf 87' lang='lat' dir='ltr'>Cytorus</span> <span class='ocrx_word' id='word_1_163' title='bbox 1267 1574 1290 1597; x_wconf 92' lang='lat' dir='ltr'>a</span> <span class='ocrx_word' id='word_1_164' title='bbox 1313 1560 1385 1598; x_wconf 87' lang='lat' dir='ltr'>Tio</span> 
     </span>
     <span class='ocr_line' id='line_1_27' title="bbox 203 1623 1383 1676; baseline 0.002 -16"><span class='ocrx_word' id='word_1_165' title='bbox 203 1625 297 1661; x_wconf 51' lang='grc' dir='ltr'>ᾗῇ</span> <span class='ocrx_word' id='word_1_166' title='bbox 317 1639 370 1675; x_wconf 84' lang='grc' dir='ltr'>ρ.,</span> <span class='ocrx_word' id='word_1_167' title='bbox 390 1625 537 1676; x_wconf 89' lang='lat' dir='ltr'>oppida</span> <span class='ocrx_word' id='word_1_168' title='bbox 556 1624 731 1668; x_wconf 88' lang='lat' dir='ltr'>Cimolis,</span> <span class='ocrx_word' id='word_1_169' title='bbox 750 1623 969 1675; x_wconf 87' lang='lat' dir='ltr'>Stephane,</span> <span class='ocrx_word' id='word_1_170' title='bbox 989 1627 1115 1661; x_wconf 91' lang='lat' dir='ltr'>amnis</span> <span class='ocrx_word' id='word_1_171' title='bbox 1135 1623 1383 1662; x_wconf 83' lang='lat' dir='ltr'>Parthenius.</span> 
     </span>
     <span class='ocr_line' id='line_1_28' title="bbox 202 1688 1385 1738; baseline 0.002 -14"><span class='ocrx_word' id='word_1_172' title='bbox 202 1692 520 1738; x_wconf 88' lang='lat' dir='ltr'>promunturium</span> <span class='ocrx_word' id='word_1_173' title='bbox 578 1688 782 1726; x_wconf 83' lang='lat' dir='ltr'>Cerambis</span> <span class='ocrx_word' id='word_1_174' title='bbox 829 1694 941 1725; x_wconf 85' lang='lat' dir='ltr'>vasto</span> <span class='ocrx_word' id='word_1_175' title='bbox 987 1702 1154 1726; x_wconf 82' lang='lat' dir='ltr'>excursu</span> <span class='ocrx_word' id='word_1_176' title='bbox 1201 1689 1316 1726; x_wconf 86' lang='lat' dir='ltr'>abest</span> <span class='ocrx_word' id='word_1_177' title='bbox 1361 1702 1385 1726; x_wconf 83' lang='lat' dir='ltr'>a</span> 
     </span>
     <span class='ocr_line' id='line_1_29' title="bbox 202 1751 1385 1803; baseline 0.002 -15"><span class='ocrx_word' id='word_1_178' title='bbox 202 1751 318 1789; x_wconf 83' lang='lat' dir='ltr'>Ponti</span> <span class='ocrx_word' id='word_1_179' title='bbox 337 1755 440 1790; x_wconf 90' lang='lat' dir='ltr'>ostio</span> <span class='ocrx_word' id='word_1_180' title='bbox 458 1754 614 1798; x_wconf 50' lang='grc' dir='ltr'>(ἶὶῦῐν,</span> <span class='ocrx_word' id='word_1_181' title='bbox 632 1758 678 1790; x_wconf 88' lang='lat' dir='ltr'>ut</span> <span class='ocrx_word' id='word_1_182' title='bbox 696 1752 782 1789; x_wconf 89' lang='lat' dir='ltr'>aliis</span> <span class='ocrx_word' id='word_1_183' title='bbox 800 1752 963 1803; x_wconf 83' lang='lat' dir='ltr'>placuit,</span> <span class='ocrx_word' id='word_1_184' title='bbox 982 1753 1085 1798; x_wconf 63' lang='lat' dir='ltr'>GEe-L,</span> <span class='ocrx_word' id='word_1_185' title='bbox 1103 1752 1343 1790; x_wconf 87' lang='lat' dir='ltr'>tantundem</span> <span class='ocrx_word' id='word_1_186' title='bbox 1361 1765 1385 1790; x_wconf 85' lang='lat' dir='ltr'>a</span> 
     </span>
    </p>
   </div>
   <div class='ocr_carea' id='block_1_8' title="bbox 406 1911 1174 1997">
    <p class='ocr_par' dir='ltr' id='par_1_9' title="bbox 406 1911 1174 1997">
     <span class='ocr_line' id='line_1_30' title="bbox 408 1911 816 1952; baseline 0.002 -9"><span class='ocrx_word' id='word_1_187' title='bbox 408 1913 419 1932; x_wconf 87' lang='lat'>²</span> <span class='ocrx_word' id='word_1_188' title='bbox 445 1911 621 1944; x_wconf 65' lang='lat' dir='ltr'>Gelenius:</span> <span class='ocrx_word' id='word_1_189' title='bbox 648 1912 816 1952; x_wconf 75' lang='lat' dir='ltr'>ponimus.</span> 
     </span>
     <span class='ocr_line' id='line_1_31' title="bbox 406 1954 1174 1997; baseline 0.003 -11"><span class='ocrx_word' id='word_1_190' title='bbox 406 1954 419 1974; x_wconf 82' lang='lat'>²</span> <span class='ocrx_word' id='word_1_191' title='bbox 445 1955 619 1996; x_wconf 75' lang='lat' dir='ltr'>Mayhoffz</span> <span class='ocrx_word' id='word_1_192' title='bbox 651 1956 784 1987; x_wconf 75' lang='lat' dir='ltr'>credere</span> <span class='ocrx_word' id='word_1_193' title='bbox 800 1958 853 1996; x_wconf 80' lang='lat' dir='ltr'>(oa</span> <span class='ocrx_word' id='word_1_194' title='bbox 875 1955 917 1986; x_wconf 80' lang='lat' dir='ltr'>de</span> <span class='ocrx_word' id='word_1_195' title='bbox 934 1966 968 1987; x_wconf 83' lang='lat' dir='ltr'>ro</span> <span class='ocrx_word' id='word_1_196' title='bbox 989 1955 1174 1997; x_wconf 68' lang='lat' dir='ltr'>Detlesaen).</span> 
     </span>
    </p>
   </div>
  </div>
 </body>
</html>
