1515 2351
123 643 163 674 67

123 1413 164 1442 68

392 115 582 153 PLINY:
635 115 900 154 NATURAL
937 116 1174 153 HISTORY

191 222 369 269 pientiae
406 219 589 256 deditum
627 218 852 255 voluntaria
888 231 1048 268 semper
1083 224 1214 256 morte
1251 220 1375 256 vitam

191 302 357 326 accenso
377 291 484 338 prius
505 302 600 339 rogo
622 288 720 325 finit.
777 301 900 324 unum
921 301 1040 338 super
1058 287 1158 325 haec
1179 294 1240 325 est
1260 290 1376 325 semi-

192 358 320 396 ferum
338 372 383 395 ac
400 358 564 408 plenum
579 357 725 395 laboris
742 360 989 395 inmensi—a
1006 371 1084 408 quo
1101 357 1115 380 ¹
1133 371 1252 407 supra
1268 357 1376 395 dicta

190 427 673 465 continentur—venandi
707 427 943 477 elephantos
977 427 1270 478 domandique3
1317 426 1376 464 his

191 504 321 542 arant,
340 497 400 535 his
420 497 676 541 invehuntur,
696 496 795 534 haec
814 500 990 534 maxime
1011 510 1158 534 novere
1176 499 1376 547 pecuaria,

191 567 250 604 his
284 567 458 605 militant
491 567 764 618 dimicantque
797 581 868 618 pro
902 567 1066 604 finibus:
1113 565 1304 604 dilectum
1337 569 1376 604 in

191 636 296 674 bella
317 640 417 674 vires
438 643 479 674 et
499 643 611 674 aetas
631 643 754 688 atque
774 637 1012 688 magnitudo
1030 636 1195 674 faciunt.
1250 636 1377 674 insula

191 710 231 744 in
251 707 395 758 Gange
415 713 475 744 est
497 720 668 758 magnae
689 707 962 757 amplitudinis
981 713 1148 757 gentem
1168 709 1376 744 continens

191 790 312 814 unam
331 780 490 814 nomine
514 776 858 828 Modogalingam.
912 776 1017 813 ultra
1035 779 1100 814 siti
1119 782 1212 814 sunt
1234 776 1377 813 Modu-

190 847 281 890 bae,
305 847 526 891 Molindae,
549 847 710 884 L'berae
729 861 821 884 cum
841 847 988 896 oppido
1009 846 1188 884 eiusdem
1209 849 1377 884 nominis

191 917 415 968 magnifico,
478 917 726 961 Modressae,
788 916 935 961 Praeti,
991 916 1183 961 Aelissae‚
1231 915 1379 962 Sasuri,

193 986 393 1031 Fassulae‚
441 987 629 1031 Colobae,
677 986 931 1030 Orumcolae,
979 986 1112 1029 Abali,
1157 985 1377 1024 Thalutae:

192 1070 260 1094 rex
286 1056 426 1094 horum
451 1057 634 1107 pediturn
659 1060 696 1101 ἰ,
720 1060 903 1107 equitum
927 1057 982 1101 1—v,
1007 1055 1313 1106 elephantorum
1336 1053 1380 1094 ἶν’

192 1130 230 1163 in
275 1130 393 1164 armis
438 1126 574 1164 habet.
631 1127 797 1164 validior
840 1125 986 1164 deinde
1031 1139 1130 1177 gens
1175 1125 1378 1170 Andarae,

191 1197 369 1247 plurimis
402 1200 509 1241 vicis,
541 1210 613 1234 §ux
645 1197 800 1247 oppidis
833 1209 936 1247 quae
969 1199 1090 1233 muris
1121 1196 1378 1246 turribusque

192 1270 438 1312 muniuntur,
478 1270 560 1317 regi
610 1267 780 1317 praebet
817 1266 1000 1316 peditum
1036 1267 1074 1310 E,
1112 1269 1294 1317 equitum
1330 1268 1378 1310 fi,

192 1336 427 1386 elephantos
469 1349 512 1373 M.
544 1335 775 1374 fertilissimi
812 1342 904 1373 sunt
935 1338 1020 1373 auri
1051 1335 1228 1380 Dardae,
1257 1334 1378 1373 Setae

192 1419 284 1443 vero
321 1412 362 1444 et
398 1409 568 1458 argenti.
623 1406 693 1444 sed
729 1409 862 1443 omnia
898 1409 938 1442 in
976 1405 1089 1443 India
1125 1419 1263 1456 prope,
1299 1418 1378 1442 non

191 1476 310 1513 modo
328 1479 368 1513 in
386 1475 460 1514 hoe
477 1482 625 1520 tractu,
644 1479 827 1526 potentia
844 1475 1111 1526 claritateque
1130 1475 1378 1513 antecedunt

193 1545 300 1583 Prasi
322 1546 566 1596 amplissima
587 1546 685 1583 urbe
706 1546 984 1596 ditissimaque
1005 1543 1250 1590 Palibothra,
1272 1545 1378 1582 unde

193 1615 355 1665 quidam
373 1618 500 1665 ipsam
518 1621 684 1666 gentem
704 1614 954 1652 Palibothros
971 1621 1130 1659 vocant,
1146 1617 1268 1651 immo
1286 1627 1378 1652 vero

192 1690 367 1722 tractum
397 1688 625 1722 universum
653 1698 676 1721 a
705 1684 860 1735 Gange.
916 1687 1001 1735 regi
1029 1697 1166 1721 eorum
1196 1684 1376 1734 peditum

193 1753 257 1799 fic,
290 1757 472 1805 equitum
508 1748 596 1798 ὦ,
624 1753 931 1804 elephantorum
962 1754 1000 1790 {X
1028 1767 1100 1804 per
1127 1766 1265 1791 omnes
1293 1753 1377 1791 dies

671 1840 683 1859 ²
710 1838 765 1872 VJ.
779 1851 798 1871 ο
815 1850 894 1881 quo.

238 1947 252 1962 ⁰
273 1943 346 1974 The
362 1947 438 1974 text
455 1943 480 1974 is
496 1943 693 1979 uncertaim
720 1943 866 1984 perhaps
882 1942 940 1973 the
955 1953 1050 1974 sense
1066 1943 1093 1973 is
1109 1942 1117 1954 ‘
1130 1942 1175 1982 by
1193 1942 1302 1974 which
1318 1966 1326 1974 .
1343 1966 1352 1975 .
1367 1966 1377 1976 .

194 1997 250 2018 are
266 1997 303 2017 su
310 1985 477 2027 pported.’
757 1984 769 2004 ⁶
792 1986 864 2017 'rho
879 1987 1016 2018 ancient
1032 1985 1200 2017 Andhras.

142 2049 213 2096 388
