1515 2351
159 693 200 723 20

156 1078 194 1109 21

155 1659 196 1688 22

428 70 616 108 PLINY:
669 71 932 109 NATURAL
969 70 1206 108 HISTORY

224 174 380 225 Tagum
412 174 642 224 Carpetani,
672 176 786 211 iuxta
818 186 886 211 eos
917 173 1102 218 Vaccaei,
1133 173 1331 212 Vettones
1362 179 1405 211 et

226 237 417 276 Celtiberi
477 239 658 275 Arevaci.
713 237 861 287 oppida
917 250 1011 274 orae
1062 240 1244 288 proxima
1296 237 1404 282 Urci,

225 302 551 352 adscriptumque
605 301 793 338 Baeticae
847 301 987 346 Barea,
1019 303 1132 352 regio
1168 301 1404 346 Bastitania,

224 380 316 403 mox
359 366 506 403 deinde
549 366 824 411 Contestania,
855 365 1058 417 Carthago
1096 365 1207 403 Nova
1237 366 1403 410 colonia,

223 433 333 468 cuius
350 443 373 467 a
388 433 666 481 promunturio
684 430 791 480 quod
807 429 968 468 Saturni
985 436 1150 468 vocatur
1165 429 1403 468 Caesaream

226 494 507 532 Mauretaniae
532 495 672 531 urbem
700 500 903 531 csxiTqu
928 508 967 545 p.
994 497 1198 532 traiectus.
1252 494 1405 545 reliqua

228 561 268 596 in
297 573 366 596 ora
398 559 547 596 flumen
580 559 726 602 Tader,
756 559 914 596 colonia
953 562 1124 596 inmunis
1160 558 1260 603 Ilici,
1298 559 1404 597 unde

227 622 435 661 Ilicitanus
474 626 604 667 sinus;
647 625 687 660 in
727 636 816 660 eam
854 624 1163 660 contribuuntur
1202 622 1402 661 Icositani.

229 701 322 725 mox
345 687 581 724 Latinorum
607 687 848 733 Lucentum,
868 688 1059 725 Dianium
1083 687 1404 738 stipendiarium,

224 751 345 789 Sucro
381 751 520 789 fluvius
560 758 603 790 et
636 752 838 802 quondam
875 751 1080 803 oppidum,
1117 752 1403 790 contestaniae

225 816 323 854 finis.
385 819 498 867 regio
547 817 750 854 Edetania
799 830 969 854 amoeno
1017 816 1315 867 praetendente
1361 830 1404 854 se

225 887 384 932 stagnO,
419 881 469 918 ad
509 881 731 918 Celtiberos
769 881 975 919 recedens.
1030 880 1216 918 Valentia
1252 881 1405 919 colonia

225 951 274 982 ῐΤι
298 959 336 996 p.
359 959 381 982 a
408 948 506 982 mari
533 952 703 989 remota,
719 945 869 983 flumen
895 945 1074 991 Turium,
1095 951 1137 983 et
1162 945 1404 984 tantundem

224 1023 246 1046 a
293 1013 391 1046 mari
439 1009 665 1060 Saguntum
709 1012 854 1048 civium
901 1009 1174 1047 Romanorum
1213 1010 1404 1062 oppidum

227 1074 305 1111 fide
363 1075 509 1119 nobile,
554 1075 703 1112 flumen
758 1075 902 1112 Udiva.
971 1077 1082 1126 regio
1136 1075 1405 1125 Ilergaonum,

225 1139 398 1176 Hiberus
444 1142 570 1176 amnis
609 1139 823 1190 navigabili
866 1141 1105 1176 commercio
1143 1139 1267 1184 dives,
1295 1145 1405 1177 ortus

223 1205 262 1239 in
305 1203 516 1241 Cantabris
561 1203 659 1241 haut
696 1203 832 1254 procul
875 1203 1023 1254 oppido
1069 1203 1294 1249 Iuliobrica,
1332 1217 1406 1255 per

223 1280 334 1305 ccccn
361 1281 399 1318 p.
431 1267 571 1313 fluens,
601 1271 760 1305 navium
797 1281 870 1319 per
904 1274 996 1306 Ἦ(
1025 1282 1049 1305 a
1078 1267 1223 1305 Vareia
1257 1268 1405 1319 oppido

222 1345 363 1382 capax,
411 1346 531 1383 quem
562 1339 726 1384 propter
753 1335 978 1370 universam
1004 1333 1239 1384 Hispaniam
1262 1332 1404 1371 Graeci

225 1396 478 1446 appellavere
533 1397 753 1434 Hiberiam.
809 1400 920 1448 regio
967 1397 1213 1443 Cessetania,
1256 1396 1404 1436 flumen

223 1460 333 1506 Subi,
378 1461 533 1498 colonia
589 1462 803 1507 Tarracon,
850 1461 1082 1512 Scipionum
1135 1475 1247 1512 opus,
1299 1465 1403 1500 sicut

224 1524 426 1576 Carthago
470 1524 707 1563 Poenorum.
762 1529 874 1577 regio
919 1526 1153 1577 Ilergetum,
1209 1526 1401 1577 oppidum

222 1588 365 1632 Subur,
405 1589 553 1627 flumen
602 1590 879 1636 Rubricatum,
919 1604 942 1627 a
989 1604 1068 1641 quo
1117 1590 1312 1628 Laectani
1359 1597 1402 1629 et

225 1653 442 1705 Indigetes.
498 1661 588 1705 post
617 1668 683 1692 eos
704 1669 783 1705 quo
811 1655 968 1692 dicetur
995 1655 1133 1692 ordine
1161 1657 1268 1693 intus
1295 1668 1401 1694 rece-

221 1717 365 1755 dentes
397 1718 530 1756 radice
565 1717 760 1770 Pyrenaei
794 1720 1004 1764 Ausetani,
1040 1719 1217 1756 Iacetani
1251 1732 1402 1770 perque

269 1864 284 1877 ⁰
308 1858 439 1889 Rather
463 1857 548 1890 than
565 1858 747 1890 surrender
769 1863 806 1890 to
831 1858 1021 1895 Hannibal,
1040 1858 1101 1890 the
1116 1858 1324 1899 Saguntinas
1347 1863 1400 1891 set

226 1901 285 1932 firo
302 1905 339 1932 to
356 1901 445 1932 their
461 1905 554 1933 town
578 1901 647 1933 and
671 1902 827 1943 perished
853 1903 886 1933 in
904 1902 964 1934 the
981 1903 1109 1940 flames,
1127 1903 1190 1934 219
1215 1910 1280 1934 Β.ο.
1327 1901 1400 1934 Tho

227 1948 321 1975 town
338 1955 405 1975 was
422 1944 549 1976 rebuilt
565 1945 660 1986 eight
675 1955 775 1986 years
793 1944 889 1977 later.

232 1999 273 2034 18
