1515 2351
123 898 164 927 53

122 1271 163 1302 54

398 146 566 185 PLINY
582 161 591 184 :
642 147 792 186 NATU
798 148 908 185 RAL
945 148 1184 187 HISTORY

195 252 263 300 qui
294 249 492 287 adulterio
523 249 735 300 Aethiopis
767 257 863 287 nata
894 257 1023 288 matre
1055 250 1151 288 nihil
1183 265 1207 288 a
1237 254 1383 289 ceteris

193 303 323 340 colore
342 303 555 341 differente
574 306 659 354 ipse
679 317 798 341 avum
815 307 1071 355 regeneravit
1090 304 1348 355 Aethiopem.

242 356 556 393 Similitudinum
578 357 741 407 quidem
763 360 945 394 inmensa
964 360 1169 408 reputatio
1191 364 1254 395 est
1276 364 1319 395 et
1340 361 1381 395 in

194 423 273 460 qua
298 410 514 447 credantur
539 410 667 447 multa
692 410 860 447 fortuita
884 411 1049 462 pollere,
1074 414 1193 455 visus,
1220 411 1382 449 auditus

194 466 410 500 memoriae
427 464 440 487 ¹
467 462 718 513 haustaeque
743 467 938 515 imagines
963 465 1036 501 sub
1061 467 1146 515 ipso
1169 471 1381 515 conceptu.

192 519 385 567 cogitatio
402 519 526 554 etiam
543 517 772 555 utriuslibet
789 521 966 554 animum
982 519 1115 555 subito
1132 518 1382 555 transvolans

192 570 380 621 effingere
428 570 731 608 similitudinem
778 577 849 608 aut
896 574 1063 608 miscere
1111 574 1382 617 existimatur,

191 623 363 674 ideoque
391 623 524 674 plures
551 627 591 660 in
618 623 779 661 homine
807 638 929 675 quam
955 627 997 661 in
1023 627 1168 662 ceteris
1196 625 1382 662 omnibus

193 677 429 714 animalibus
471 677 723 715 differentiae
766 681 955 728 quoniam
998 678 1188 715 velocitas
1229 681 1383 729 cogita-

192 733 347 767 tionum
375 734 577 781 animique
604 731 788 768 celeritas
815 737 858 769 et
884 734 1020 782 ingeni
1047 734 1220 769 varietas
1247 731 1383 769 multi-

192 784 338 821 formes
370 790 485 821 notas
519 785 771 835 inprimunt‚²
800 798 891 822 cum
927 788 1072 822 ceteris
1110 786 1382 823 animantibus

192 837 400 875 inmobiles
426 841 506 874 sint
533 841 653 874 animi
681 844 724 875 et
750 838 897 875 similes
923 839 1107 876 omnibus
1133 838 1381 889 singulisque

190 894 230 927 in
251 904 321 928 suo
342 894 486 941 cuique
508 904 670 942 genere.
726 891 927 929 Antiocho
948 894 1034 943 regi
1056 891 1194 942 Syriae
1217 905 1238 929 e
1260 891 1379 942 plebe

191 947 351 981 nomine
383 946 552 982 Artemo
583 948 623 981 in
655 951 816 982 tanturn
848 945 985 982 similis
1017 945 1093 982 fuit
1125 951 1171 982 ut
1205 945 1380 983 Laodice

191 1001 362 1035 coniunx
384 1000 496 1049 regia
517 1004 661 1035 necato
681 1001 761 1035 iam
783 998 984 1036 Antiocho
1005 1001 1172 1036 mimum
1193 1012 1266 1049 per
1287 1011 1380 1036 eum

190 1052 548 1089 commendationis
601 1055 796 1103 regnique
849 1055 1108 1089 successionis
1161 1054 1378 1103 peregerit.

194 1105 346 1156 Magno
369 1104 560 1156 Pompeio
581 1105 719 1142 Vibius
742 1105 906 1156 quidam
929 1119 950 1143 e
972 1106 1090 1156 plebe
1113 1111 1155 1143 et
1177 1104 1380 1143 Publicius

191 1161 314 1195 etiam
355 1161 549 1196 servitute
590 1159 782 1196 liberatus
823 1159 1041 1196 indiscreta
1080 1172 1204 1210 prope
1245 1161 1379 1209 specie

192 1212 303 1249 fuere
333 1213 495 1256 similes,
523 1212 620 1249 illud
649 1226 692 1249 os
720 1213 890 1263 probum
919 1212 1138 1250 reddentes
1166 1215 1379 1263 ipsumque

189 1265 380 1303 honorem
402 1269 573 1303 eximiae
594 1265 748 1303 frontis.
804 1266 931 1316 qualis
951 1279 1072 1303 causa
1090 1269 1196 1316 patri
1217 1279 1378 1316 quoque

191 1323 274 1356 eius
314 1319 555 1370 Menogenis
592 1323 675 1357 coci
712 1323 770 1356 sui
809 1333 1032 1370 cognomen
1070 1322 1245 1370 inposuit
1282 1320 1380 1370 (iam

191 1372 396 1410 Strabonis
428 1387 452 1410 a
484 1375 616 1423 specie
651 1373 854 1410 oculorum
898 1372 1065 1410 habenti
1109 1375 1250 1410 vitium
1293 1375 1380 1409 imi-

190 1432 278 1463 tata
302 1433 345 1464 et
370 1429 410 1463 in
436 1428 580 1477 servo),
605 1426 776 1476 Scipioni
803 1426 1117 1477 Serapionis—is
1144 1432 1231 1463 erat
1257 1428 1375 1463 suarii

441 1514 453 1533 ²
477 1513 668 1545 Rackham:
698 1513 873 1544 memoria.

437 1557 450 1575 ²
473 1556 648 1597 Mayhoss:
679 1556 845 1597 imprimit
861 1559 918 1586 aul
936 1556 1126 1596 imprimat.

235 1683 249 1697 ⁰
273 1677 320 1709 Or
332 1677 479 1719 perhaps
493 1683 500 1693 ‘
512 1677 572 1709 the
586 1683 654 1709 rest
667 1676 706 1708 os
715 1677 775 1708 her
786 1676 933 1718 family,’
946 1687 985 1708 or
998 1682 1005 1693 ¹
1018 1676 1119 1708 other
1131 1675 1366 1708 half-breeds.'

234 1721 246 1740 ⁶
270 1721 459 1753 Antiochus
478 1720 543 1757 ΙΙΙ,
556 1721 614 1752 the
625 1720 741 1756 Great,
756 1722 844 1753 223-
848 1722 907 1752 187
928 1729 993 1751 1³..e
1028 1719 1183 1750 valerius
1194 1719 1376 1756 Maximus,

190 1763 253 1796 IX.
284 1765 333 1800 14,
360 1774 415 1804 sa)
413 1774 439 1794 s
465 1764 543 1794 that
569 1763 628 1794 the
654 1763 745 1804 king'
749 1773 764 1794 3
790 1763 904 1794 mimic
931 1772 999 1794 was
1027 1773 1047 1793 a
1076 1762 1227 1793 member
1254 1761 1294 1793 of
1317 1761 1377 1793 the

189 1816 249 1848 roy
251 1806 283 1838 al
307 1806 436 1848 famil),
462 1806 529 1837 and
554 1806 632 1837 that
656 1806 698 1837 he
714 1774 909 1848 gpretended
929 1810 966 1836 to
987 1805 1028 1836 be
1049 1805 1107 1836 the
1127 1804 1208 1847 king
1228 1804 1321 1846 lying
1342 1804 1376 1836 ill

189 1850 223 1881 in
226 1817 308 1881 ybed
329 1850 398 1881 and
419 1850 478 1880 the
498 1849 613 1891 public
633 1859 719 1880 were
739 1849 909 1880 admitted
930 1852 968 1879 to
987 1858 1041 1879 sce
1058 1848 1147 1885 him,
1175 1857 1214 1879 so
1230 1847 1377 1879 Laodice

188 1892 327 1924 secured
346 1898 551 1934 acceptance
571 1892 623 1923 sor
642 1892 701 1923 her
719 1896 815 1933 story
834 1892 913 1922 that
934 1891 993 1922 the
1014 1890 1095 1932 king
1116 1901 1161 1922 on
1182 1890 1234 1922 1113
1256 1890 1376 1922 death-

189 1935 253 1967 bed
276 1935 344 1967 had
367 1935 589 1967 commended
612 1935 671 1966 her
693 1934 761 1966 and
786 1935 837 1966 his
861 1933 1011 1966 children
1035 1937 1072 1966 to
1073 1901 1156 1965 gthe
1182 1933 1374 1975 protection

189 1979 228 2010 of
237 1978 296 2010 the
310 1978 439 2020 people.

231 2027 243 2041 ²
266 2020 274 2034 ‘
289 2020 511 2063 Cross—eyed.'

193 2094 263 2131 540
