1515 2351
402 145 570 185 PLINY
584 161 592 186 :
642 149 677 185 N
681 148 907 187 ATURAL
943 148 1183 188 HISTORY

192 251 416 296 Stadissim,
437 253 504 290 ubi
527 252 640 290 Nilus
661 256 931 303 praecipitans
954 266 999 291 se
1018 253 1178 304 fragore
1199 254 1381 292 auditum

103 325 164 357 182
193 322 335 359 accolis
350 323 482 360 aufert
495 334 505 366 3
533 321 700 373 diripuit
715 328 759 360 et
774 322 947 373 Napata.
999 323 1229 374 longissime
1244 330 1382 362 autem

193 405 216 428 a
239 391 372 442 Syene
394 404 626 443 progressus
650 399 712 430 est
741 406 907 430 ncccnxx
935 406 974 443 p.
999 406 1072 431 nec
1100 400 1241 431 tamen
1270 407 1382 431 arma

194 461 374 498 Romana
418 463 472 499 ibi
516 462 774 500 solitudinem
820 462 1025 500 fecerunt:
1084 463 1380 514 Aegyptiorum

193 531 307 569 bellis
350 535 492 569 attrita
535 538 597 570 est
639 532 858 583 Aethiopia
901 536 1071 570 vicissim
1113 533 1382 583 imperitando

193 602 497 653 serviendoque‚
513 603 621 640 clara
638 609 680 641 et
696 609 840 653 potens
858 606 983 641 etiam
999 616 1128 654 usque
1144 603 1195 640 ad
1210 603 1383 640 Troiana

193 672 300 709 bella
340 672 560 710 Memnone
599 679 819 724 regnante3
872 679 914 711 et
952 673 1094 724 Syriae
1130 676 1382 723 imperitasse

193 755 283 779 earn
327 749 545 794 nostroque
586 743 692 780 litori
736 749 876 781 aetate
918 746 1023 793 regis
1067 742 1221 793 Cephei
1264 748 1382 793 patet

193 812 478 850 Andromedae
492 812 649 851 fabulis.

104 885 162 917 183
243 881 368 920 Simili
395 883 514 920 modo
542 890 583 921 et
611 883 662 921 de
690 896 878 921 mensura
905 887 990 921 eius
1017 887 1125 920 varia
1153 883 1381 933 prodidere,

193 955 342 1002 primus
373 953 520 990 Dalion
549 953 655 990 ultra
686 953 857 991 Meroen
883 954 1002 1005 longe
1031 953 1260 997 subvectus,
1289 965 1382 990 mox

194 1023 452 1061 Aristocreon
492 1030 534 1062 et
574 1024 675 1061 Bion
716 1030 757 1062 et
797 1024 954 1068 Basilis,
993 1023 1216 1061 Simonides
1256 1026 1385 1060 minor

197 1096 321 1130 etiam
339 1097 613 1145 quinquennio
629 1097 671 1131 in
689 1094 831 1132 Meroe
847 1100 1025 1132 moratus
1041 1107 1132 1132 cum
1149 1093 1202 1132 de
1217 1093 1384 1131 Aethio-

195 1166 259 1212 pia
273 1164 477 1201 scriberet.
527 1178 622 1201 nam
635 1163 915 1202 Timosthenes
929 1164 1116 1201 classium
1132 1162 1385 1213 Philadelphi

194 1233 422 1283 praefectus
449 1237 536 1272 sine
560 1248 748 1272 mensura
774 1234 930 1272 dierum
950 1247 996 1271 mc
1015 1249 1038 1270 a
1057 1233 1191 1284 Syene
1214 1233 1382 1271 Meroen

194 1306 271 1340 iter
302 1304 489 1353 prodidit,
519 1304 809 1342 Eratosthenes
842 1305 980 1349 ὀργῆ,
1010 1303 1288 1341 Artemidorus
1317 1303 1382 1347 ff,

194 1372 365 1411 Sebosus
379 1374 429 1411 ab
443 1375 623 1425 Aegypti
637 1377 828 1412 extremis
844 1374 933 1425 Ιῗῇῖι
952 1373 1188 1418 fiffimnde
1202 1375 1383 1423 proxime

104 1448 163 1478 184
194 1443 289 1480 dicti
308 1443 391 1495 [ἴῃ
407 1443 459 1481 ἰ.1
498 1458 635 1482 verum
649 1447 775 1482 omnis
788 1444 887 1481 haec
902 1443 1013 1480 finita
1025 1457 1153 1493 nuper
1162 1443 1382 1493 disputatio

196 1520 271 1557 est,
288 1517 476 1564 quoniam
494 1528 516 1551 a
533 1514 666 1565 Syene
685 1526 875 1551 Ποσει-,κω
891 1512 906 1537 1
924 1513 1092 1551 Neronis
1109 1513 1382 1563 exploratores

195 1587 476 1622 renuntiavere
497 1583 556 1621 his
578 1584 727 1621 modis:
763 1596 786 1620 a
812 1583 946 1634 Syene
970 1583 1123 1621 Hieran
1141 1582 1380 1634 Sycaminon

196 1654 272 1697 ffi,
292 1653 386 1691 inde
414 1654 539 1691 Tama
568 1652 700 1691 moml
726 1656 891 1704 regione
919 1653 1188 1704 Evonymiton
1215 1651 1382 1690 Aethio·

194 1735 304 1773 pum,
333 1723 453 1760 Primi
482 1725 569 1769 555,
594 1724 763 1761 Acinam
792 1721 911 1768 ffist
940 1722 1116 1760 Pitaram
1144 1721 1261 1766 ᾗ)
1291 1721 1386 1759 Ter-

511 1825 523 1845 ²
547 1826 714 1857 Numeros
731 1825 819 1856 varic
833 1823 966 1856 tradunt
982 1823 1073 1856 codd.

201 2022 207 2028 ἢ
245 1977 538 2053 ἷὴΤΙὶείἒὲιωει-Με
554 1976 769 2018 throughout
791 1976 860 2008 this
880 1985 1022 2017 passage
1042 1986 1127 2016 vary
1147 1973 1383 2016 considerably

199 2032 231 2052 ln
290 2031 308 2052 θ
410 2045 417 2052 .

190 2095 261 2130 474
