1515 2351
151 484 192 513 43

151 1071 194 1100 44

160 1553 194 1581 15

419 107 587 145 PLINY
603 121 611 144 :
664 106 930 145 NATURAL
967 105 1206 144 HISTORY

218 213 404 247 nimirum
443 210 483 247 id
521 210 628 260 quod
666 213 707 246 in
743 209 845 246 caeli
883 211 1090 246 mentione
1129 208 1296 246 fecimus
1333 207 1408 246 hac

219 277 379 314 quoque
411 266 450 300 in
478 270 595 313 parte
623 263 853 300 faciendum
883 268 960 307 est,
988 268 1034 299 ut
1062 267 1179 299 notas
1210 261 1406 312 quasdam

219 323 262 355 et
312 330 440 367 pauca
491 317 622 353 sidera
673 319 935 366 attingamus.
1013 315 1197 365 legentes
1247 321 1408 353 tantum

219 383 368 421 quaeso
387 373 644 407 meminerint
663 370 714 407 ad
733 369 890 420 singula
908 374 996 406 toto
1015 369 1111 406 orbe
1131 368 1409 406 edissertanda

220 424 414 461 festinari.

273 476 347 514 Est
377 490 472 526 ergo
502 476 596 513 folio
625 488 813 512 maxume
843 488 995 526 querno
1019 475 1261 517 adsimilata‚
1282 475 1410 513 multo

220 533 462 579 proceritate
495 530 663 579 amplior
695 543 814 579 quam
846 528 1078 572 latitudine,
1110 531 1149 564 in
1179 529 1335 566 laevam
1366 542 1410 566 se

221 583 386 620 flectens
423 587 631 620 cacumine
671 589 712 620 et
751 583 1021 619 Amazonicae
1060 582 1187 632 figura
1224 582 1410 620 desinens

220 650 399 686 parmae,
434 637 501 673 ubi
536 650 559 673 a
594 636 728 673 medio
763 649 932 673 excursu
967 635 1196 686 Cocynthos
1232 642 1410 680 vocatur,

223 703 291 740 per
310 693 418 727 sinus
440 690 598 727 lunatos
619 690 698 726 duo
718 703 866 726 cornua
887 692 1093 731 emittens,
1115 689 1409 739 Leucopetram

220 744 379 787 dextra,
425 743 632 780 Lacinium
677 746 851 780 sinistra.
905 749 1020 793 patet
1066 742 1317 792 longitudine
1360 743 1411 779 ab

224 797 405 846 Inalpino
439 797 516 834 sine
550 797 783 834 Praetoriae
817 797 1028 846 Augustae
1061 809 1133 846 per
1164 796 1304 833 urbem
1337 796 1409 833 Ca-

222 864 423 900 puamque
450 864 567 887 cursu
593 857 758 887 meante
786 850 957 900 Regium
985 850 1177 899 oppidum
1204 853 1244 886 in
1271 863 1410 887 umero

221 908 305 941 eius
325 907 463 948 situm,
483 917 506 940 a
527 917 606 954 quo
628 904 751 941 veluti
772 907 935 940 cervicis
956 906 1095 952 incipit
1118 903 1259 947 flexus,
1278 903 1412 941 decies

219 964 392 995 centena
418 964 459 994 et
485 960 625 1008 viginti
650 957 759 994 milia
784 970 989 1006 passuum,
1012 957 1221 1007 multoque
1245 957 1413 1007 amplior

220 1025 407 1048 mensura
439 1011 555 1048 ficret
590 1011 796 1047 Lacinium
830 1024 971 1060 usque,
1003 1013 1042 1047 ni
1074 1010 1167 1047 talis
1197 1010 1412 1061 obliquitas

224 1068 262 1101 in
290 1065 395 1101 latus
423 1064 588 1114 degi-cdi
615 1064 831 1101 videretur.
886 1064 1061 1101 latitudo
1089 1067 1173 1101 eius
1201 1067 1309 1101 varia
1336 1071 1413 1108 est,

220 1118 607 1169 quadringentorum
647 1118 789 1155 decem
829 1118 982 1154 milium
1023 1120 1128 1155 inter
1167 1117 1246 1155 duo
1285 1120 1413 1156 maria

222 1172 393 1208 inferum
415 1179 455 1208 et
476 1185 664 1221 supcrum
686 1185 905 1222 amnesque
927 1171 1074 1208 Varum
1095 1177 1218 1221 atque
1239 1171 1412 1216 Arsiam,

221 1225 355 1262 media
388 1231 524 1262 autem
559 1225 685 1262 ferme
717 1228 821 1261 circa
853 1225 993 1262 urbem
1027 1225 1195 1261 Romam
1228 1225 1279 1262 ab
1310 1228 1413 1263 ostio

222 1280 364 1316 Aterni
405 1282 532 1315 amnis
572 1282 611 1315 in
652 1278 930 1315 Hadriaticum
970 1291 1081 1316 mare
1121 1278 1323 1316 influentis
1361 1278 1413 1316 ad

220 1332 408 1369 Tiberina
431 1335 532 1369 ostia
556 1339 711 1375 ςῖῐῐν-ι,
734 1339 776 1369 et
798 1333 917 1382 paulo
940 1335 1069 1369 minus
1092 1345 1115 1368 a
1137 1332 1279 1369 Castro
1302 1332 1413 1369 Novo

223 1386 444 1422 Hadriatici
476 1389 595 1422 maris
625 1386 779 1423 Alsium
814 1385 865 1422 ad
898 1386 1070 1422 Tuscum
1106 1399 1269 1436 aequor,
1301 1384 1413 1423 haud

222 1439 302 1476 ullo
343 1443 384 1475 in
424 1439 509 1475 loco
551 1446 595 1477 ἴε
637 1439 893 1476 latitudinem
937 1439 1149 1476 excedens.
1205 1442 1412 1477 universae

222 1499 359 1529 autem
386 1493 561 1529 ambitus
583 1506 604 1528 a
627 1493 730 1529 Varo
756 1493 807 1529 ad
833 1494 990 1529 Arsiam
1018 1499 1081 1539 [fij
1104 1499 1193 1531 ἷεῑῑ(
1219 1506 1256 1542 p.
1279 1493 1410 1530 efficit.

223 1546 338 1583 abest
366 1559 388 1582 a
419 1546 674 1583 circumdatis
705 1549 822 1583 terris
850 1546 1003 1583 Histria
1033 1560 1079 1583 ac
1109 1546 1299 1583 Liburnia
1327 1549 1413 1597 qui-

219 1599 387 1637 busdam
429 1600 522 1636 locis
560 1606 733 1636 centcna
772 1600 896 1644 milia,
935 1600 986 1636 ab
1021 1600 1142 1649 Epiro
1177 1606 1219 1637 et
1255 1599 1413 1650 Illyrico

224 1656 532 1701 quinquaginta,
565 1653 614 1689 ab
648 1653 782 1689 Africa
815 1656 945 1689 minus
976 1653 1166 1696 ducenta,
1198 1659 1241 1690 ut
1275 1659 1414 1690 auctor

223 1713 283 1743 cst
315 1707 372 1743 M.
402 1706 540 1750 Varro,
567 1707 617 1742 al)
645 1706 827 1743 Sardinia
853 1713 1017 1744 centum
1045 1709 1185 1757 viginti
1213 1706 1335 1751 milia,
1361 1707 1412 1743 ab

268 1854 283 1869 ⁰
305 1849 440 1890 Shnpcd
465 1849 530 1880 like
553 1860 573 1880 a
597 1854 746 1881 crescent
771 1850 832 1881 but
856 1850 938 1881 with
962 1854 1030 1881 two
1054 1860 1173 1881 curves
1198 1849 1264 1881 *ind
1287 1860 1308 1881 a
1331 1860 1410 1891 pro-

224 1893 348 1932 jcction
369 1893 518 1923 bctwccn
538 1892 631 1923 them
650 1904 691 1923 on
711 1893 768 1923 thc
787 1894 880 1924 inuer
897 1892 978 1924 side.

270 1936 282 1954 δ
303 1935 375 1966 The
390 1935 483 1965 tlircc
501 1936 705 1976 projvvtions
723 1936 844 1966 named
863 1946 918 1967 are
935 1946 1010 1967 now
1029 1935 1141 1966 Punta
1159 1935 1193 1966 di
1212 1935 1307 1972 Stilo,
1318 1935 1411 1977 Capo

226 1978 310 2008 delle
325 1978 473 2009 Colonne.
490 1978 555 2008 and
573 1979 666 2019 Capo
681 1978 758 2009 ‹loll'
777 1979 879 2009 Armi.

229 2052 274 2088 34
