1515 2351
111 1147 172 1179 126

112 1918 169 1947 127

399 128 567 166 PLINY
582 143 590 166 :
643 128 907 166 NATURAL
944 128 1183 166 HISTORY

196 233 294 270 fluit.
351 239 411 270 est
435 239 574 270 tamen
601 238 641 269 et
669 246 772 269 nunc
797 231 1057 268 Scamandria
1081 234 1221 269 civitas
1245 244 1382 282 parva,

196 317 242 340 ac
270 316 332 340 nm
363 316 388 340 ι)
414 316 453 353 p.
483 309 682 340 remotum
711 315 733 339 a
760 308 879 352 portu
909 301 1026 339 Ilium
1053 305 1246 346 immune,
1274 302 1380 339 unde

158 380 171 387 ”
198 375 324 409 omnis
362 386 493 409 rerum
531 371 704 409 claritas.
760 377 876 409 extra
908 374 1037 408 sinum
1070 377 1164 409 sunt
1201 370 1382 409 Rhoetea

195 442 311 478 litora
330 441 510 479 Rhoeteo
527 447 567 478 et
586 441 790 479 Dardanio
807 446 847 478 et
863 441 1005 478 Arisbe
1018 440 1173 491 oppidis
1186 439 1382 478 habitata.

196 511 271 548 fuit
304 518 345 549 et
378 511 587 548 Achilleon
619 511 809 561 oppidum
842 513 956 548 iuxta
987 510 1188 547 tumulum
1218 510 1383 548 Achillis

195 581 400 618 conditum
430 595 452 618 a
485 581 744 632 Mytilenaeis
775 587 816 618 et
846 594 938 618 mox
969 579 1285 618 Atheniensibus
1316 580 1381 618 ubi

195 652 330 689 classis
365 654 447 688 eius
480 657 652 688 steterat
685 654 725 688 in
756 650 897 701 Sigeo;
943 650 1020 688 fuit
1053 656 1095 687 et
1127 650 1329 688 Aeantion
1360 664 1383 687 a

196 721 358 759 Rhodiis
381 721 586 758 conditum
610 724 650 758 in
674 721 803 758 altero
825 734 962 763 cornu,
986 721 1112 757 Aiace
1134 720 1188 757 ibi
1212 720 1384 770 sepulto,

195 805 269 829 xm(
301 792 520 829 stadiorum
563 791 774 828 intervallo
810 804 833 827 a
865 790 983 841 Sigeo
1017 796 1060 828 et
1091 793 1177 840 ipsa
1208 793 1384 828 statione

194 862 328 899 classis
362 875 469 899 suae.
524 875 643 911 supra
676 861 847 899 Aeolida
880 867 922 898 et
954 866 1114 910 partem
1145 860 1310 898 Troadis
1343 863 1383 897 in

195 932 490 969 mediterraneo
527 937 587 969 est
624 944 727 981 quae
764 937 929 968 vocatur
962 929 1226 974 Teuthrania,
1261 943 1381 981 quam

198 1002 305 1052 Mysi
322 1004 544 1052 antiquitus
559 1008 728 1039 tenuere
743 1015 751 1037 :
782 1001 835 1037 ibi
852 1000 993 1038 Caicus
1010 1003 1138 1037 amnis
1154 1003 1235 1037 iam
1252 1000 1382 1038 dictus

196 1075 342 1116 oritur3
379 1085 476 1122 gens
500 1072 635 1122 ampla
659 1085 730 1121 per
753 1085 809 1115 se,
832 1074 956 1109 etiam
979 1084 1069 1107 cum
1091 1076 1225 1108 totum
1251 1070 1382 1121 Mysia

196 1142 480 1192 appellaretur.
536 1145 576 1178 in
604 1155 651 1179 ea
679 1141 855 1185 Pioniae,
882 1141 1059 1185 Andera,
1087 1140 1214 1184 Idale,
1239 1139 1383 1178 Stabu-

193 1213 289 1256 lum,
329 1212 546 1256 Conisium,
584 1213 740 1256 Teium,
780 1212 915 1256 Balce,
953 1211 1084 1255 Tiare,
1122 1210 1382 1255 Teuthranie,

193 1282 382 1326 Sarnaca,
418 1283 644 1328 Haliserne,
683 1282 847 1333 Lycide,
884 1280 1159 1326 Parthenium,
1196 1281 1382 1326 Cambre,

194 1353 424 1404 Oxyopum,
449 1353 720 1404 Lygdamum,
743 1352 971 1402 Apollonia,
994 1351 1195 1402 longeque
1215 1351 1382 1389 clarissi-

193 1437 303 1460 mum
345 1423 466 1461 Asiae
508 1423 765 1474 Pergamum,
806 1422 913 1474 quod
954 1425 1172 1460 intermeat
1212 1420 1381 1466 Selinus,

193 1493 379 1543 praefluit
425 1493 563 1531 Cetius
609 1493 793 1543 profusus
841 1492 1013 1529 Pindaso
1059 1497 1209 1529 monte.
1265 1491 1381 1530 abest

193 1563 291 1600 haut
316 1563 452 1613 procul
477 1563 617 1607 Elaea,
642 1577 763 1614 quam
789 1565 828 1600 in
853 1562 969 1600 litore
993 1562 1178 1599 diximus.
1234 1561 1381 1613 Perga—

193 1647 312 1670 mena
337 1639 502 1670 vocatur
527 1636 610 1670 eius
636 1639 790 1670 tractus
817 1632 1056 1675 iurisdictio;
1096 1631 1147 1669 ad
1173 1645 1264 1669 eam
1289 1644 1380 1669 con-

194 1706 359 1740 veniunt
383 1703 632 1753 Thyatireni,
660 1703 856 1753 Mossyni,
884 1701 1127 1753 Mygdones,
1151 1701 1380 1752 Bregmeni‚

194 1773 517 1817 Hierocometae‚
549 1772 779 1823 Perpereni‚
808 1773 982 1816 Tiareni,
1014 1770 1380 1821 Hierolophienses,

194 1843 559 1893 Hermocapelitae,
609 1842 857 1886 Attalenses,
908 1841 1168 1886 Panteenses,
1218 1840 1380 1891 Apollo-

194 1913 392 1950 nidienses
425 1913 610 1963 aliaeque
641 1911 859 1950 inhonorae
890 1914 1085 1949 civitates.
1141 1925 1164 1948 a
1196 1909 1378 1948 Rhoeteo

194 1983 442 2020 Dardanium
492 1982 683 2033 oppidum
732 1995 900 2033 parvum
948 1981 1064 2019 abest
1112 1980 1244 2019 stadia
1292 1991 1376 2017 Lxx.

191 2075 261 2111 314
