1515 2351
135 504 177 535 25

136 985 177 1015 213

137 1518 179 1549 27

405 126 573 165 PLINY
587 141 596 165 :
647 127 913 166 NATURAL
948 126 1188 165 HISTORY

201 230 311 268 locus
344 230 469 275 Ilisos,
501 243 525 268 a
557 229 722 267 Piraeeo
753 236 827 269 ᾖ
857 229 1022 267 Sunium
1053 233 1386 281 promunturium,

201 284 390 322 Thoricos
421 287 755 335 promunturium,
787 282 989 328 Potamos,
1021 283 1165 328 Steria,
1196 284 1386 329 Brauron,

202 338 404 388 quondam
432 338 592 388 oppida,
620 337 824 374 Rhamnus
850 351 991 388 paguS,
1018 337 1125 374 locus
1154 337 1386 382 Marathon,

201 405 364 441 campus
402 390 616 435 Thriasius,
655 391 846 442 oppidum
888 390 1033 428 Melita
1070 397 1113 428 et
1151 391 1308 442 Oropus
1346 393 1386 428 in

201 445 373 482 confinio
390 444 594 481 Boeotiae.

260 498 380 535 Cuius
426 497 658 542 Anthedon,
696 497 933 543 Onchestos,
977 497 1174 548 Thespiae
1219 498 1387 535 liberum

203 551 408 602 oppidum,
440 551 644 595 Lebadea,
675 564 749 588 nec
778 551 971 588 cedentes
1002 550 1174 588 Athenis
1203 551 1386 588 claritate

204 618 308 655 quae
360 607 693 656 cognominantur
745 604 936 642 Boeotiae
988 604 1166 649 Thebae,
1219 605 1388 642 duorum

204 661 411 695 numinum
444 658 578 695 Liberi
608 665 730 708 atque
763 658 958 702 Herculis,
988 664 1034 696 ut
1063 658 1214 703 volunt,
1242 661 1385 709 patria.

205 718 246 749 et
291 712 417 749 Musis
458 712 591 749 natale
633 715 672 748 in
713 725 876 749 nemore
918 711 1121 749 Heliconis
1161 712 1386 762 adsignant.

205 765 324 803 datur
344 772 385 802 et
405 765 464 802 his
483 765 630 802 Thebis
650 765 773 802 saltus
793 765 1024 809 Cithaeron,
1044 767 1171 802 amnis
1192 766 1385 802 Ismenus.

202 826 414 869 praeterea
447 819 579 856 fontes
612 821 652 856 in
686 819 854 856 Boeotia
887 819 1125 869 Oedipodia,
1159 817 1388 864 Psamatbe,

203 873 339 917 Dirce,
369 873 580 923 Epicrane,
614 872 829 917 Arethusa,
864 873 1132 923 Hippocrene,
1161 873 1388 923 Aganippe,

203 925 455 976 Gargaphie;
513 932 670 963 montes
715 932 830 963 extra
871 926 1099 976 praedictos
1145 926 1387 977 Mycalesus,

208 980 416 1031 Hadylius,
450 981 656 1017 Acontius.
710 979 863 1030 reliqua
895 980 1043 1030 oppida
1074 983 1180 1017 inter
1213 979 1388 1031 Megari-

200 1047 288 1070 cam
332 1040 374 1071 et
416 1033 573 1070 Thebas
618 1033 875 1078 Eleutherae,
919 1033 1138 1078 Haliartus,
1182 1031 1388 1079 Plataeae,

203 1085 371 1132 Pherae,
403 1087 622 1137 Aspledon,
655 1087 775 1138 Hyle,
806 1087 968 1132 Thisbe,
999 1086 1213 1138 Erythrae,
1245 1087 1388 1132 Glissa,

202 1140 350 1191 Copae,
373 1143 486 1178 iuxta
509 1140 724 1191 Cephisum
748 1154 908 1179 amnem
930 1140 1094 1178 Lamiae
1115 1147 1158 1178 et
1178 1139 1388 1186 Anichiae,

204 1193 396 1239 Medeon,
419 1193 641 1245 Phlygone‚
663 1194 902 1245 Acraephia‚
924 1193 1119 1238 Coronea,
1140 1193 1386 1232 Chaeronea.

202 1250 242 1284 in
270 1261 339 1284 ora
366 1254 504 1285 autem
533 1247 635 1284 infra
661 1247 820 1285 Thebas
849 1247 1013 1292 Ocalee,
1043 1248 1214 1292 Heleon,
1241 1247 1388 1293 Scolos,

203 1300 418 1346 Schoenos‚
476 1299 643 1345 Peteon,
702 1301 767 1352 Hy
771 1304 841 1346 rie,
900 1301 1139 1352 Mycalesos,
1196 1301 1388 1346 Ireseum,

204 1353 386 1400 Pteleon,
411 1355 618 1406 Olyarum,
641 1355 825 1405 Tanagra
848 1355 948 1392 liber
970 1355 1153 1406 populus,
1174 1361 1217 1392 et
1235 1357 1276 1392 in
1294 1357 1388 1406 ipsis

203 1408 382 1445 faucibus
418 1409 554 1459 Euripi
589 1421 709 1458 quem
743 1408 839 1445 facit
872 1409 1032 1445 obiecta
1063 1409 1188 1445 insula
1222 1409 1389 1445 Euboea

202 1462 315 1499 Aulis
345 1465 481 1512 capaci
511 1462 653 1499 nobilis
682 1469 813 1512 portu.
868 1462 1040 1499 Boeotos
1072 1462 1256 1512 Hyantas
1286 1464 1389 1499 anti-

209 1518 342 1566 quitus
371 1515 522 1552 dixere.
578 1515 693 1552 Locri
720 1515 867 1552 deinde
897 1506 1161 1566 Epicnemidii
1187 1517 1389 1566 cognomi—

205 1575 352 1606 nantur
395 1569 489 1606 olim
535 1568 706 1619 Leleges
752 1569 957 1619 appellati,
1000 1583 1073 1620 per
1117 1582 1215 1619 quos
1261 1572 1387 1607 amnis

205 1622 399 1673 Cephisus
427 1622 610 1659 defertur
637 1625 677 1659 in
706 1635 838 1665 mare;
880 1622 1027 1673 oppida
1056 1623 1180 1673 Opus,
1210 1623 1317 1660 unde
1346 1628 1389 1660 et

203 1679 311 1713 sinus
351 1676 566 1727 Opuntius,
606 1675 751 1726 Cynus.
809 1675 990 1713 Phocidis
1029 1679 1069 1713 in
1108 1676 1223 1713 litore
1263 1689 1387 1713 unum

244 1831 259 1846 ⁰
284 1826 323 1858 In
347 1826 547 1857 distinction
571 1826 659 1857 from
684 1825 796 1867 places
819 1826 854 1857 οἱ
877 1826 936 1857 the
959 1836 1052 1857 same
1076 1836 1177 1857 name
1200 1826 1234 1858 in
1259 1826 1386 1868 Egypt,

200 1869 374 1902 Phthiotis
392 1869 460 1901 and
479 1869 640 1901 Lucania.

199 1913 342 1988 ΟΠΞΠΙΠΞ
381 1922 426 1943 on
464 1911 524 1943 the
562 1915 788 1952 promontory
828 1910 867 1942 of
901 1911 1082 1943 Cnemidea
1121 1910 1228 1943 below
1265 1912 1388 1944 Mount

243 2004 254 2018 ἒ
279 1998 378 2031 Golio
394 1997 429 2029 di
444 1997 592 2030 Talanti.

209 2060 276 2107 136
