1515 2351
142 717 201 747 113

142 1585 199 1614 119

425 111 616 150 PLINY:
667 111 933 149 NATURAL
970 111 1206 149 HISTORY

220 218 331 266 pium
350 218 494 254 civium
514 215 799 259 Rornanorum,
820 214 912 252 Lati
932 216 1086 265 antiqui
1107 226 1168 259 111,
1187 213 1405 265 stipendia-

219 281 277 315 ria
309 290 436 315 xml.
491 277 668 314 coloniae
704 278 889 328 Augusta
922 277 1104 313 Emerita
1133 277 1247 313 Anae
1283 275 1403 312 fluvio

224 339 419 390 adposita,
452 339 759 383 Metellinensis,
791 337 989 383 Pacensis,
1019 338 1234 375 Norbensis
1264 337 1405 374 Caesa-

223 404 308 438 rina
345 403 581 452 cognomine
621 401 865 451 (contributa
903 406 996 437 sunt
1042 402 1081 436 in
1127 412 1216 436 eam
1267 399 1405 436 Castra

223 462 398 507 Servilia,
420 463 560 500 Castra
588 462 801 512 Caecilia);
828 464 969 513 quinta
996 468 1058 499 est
1086 461 1274 499 Scallabis
1302 474 1404 512 quae

223 524 468 563 Praesidium
523 525 667 562 Iulium
720 531 894 562 vocatur.
950 526 1210 575 municipium
1261 526 1405 560 civium

222 588 490 624 Romanorum
518 587 697 638 Olisippo
725 586 910 624 Felicitas
939 586 1039 623 Iulia
1063 588 1403 637 cognominatum.

221 650 368 701 oppida
400 652 546 687 veteris
581 649 672 686 Lati
706 650 851 694 Ebora,
885 648 992 699 quod
1024 648 1132 686 idem
1168 647 1405 686 Liberalitas

222 711 334 756 Iulia,
357 718 399 749 et
425 711 599 762 Myrtilis
623 724 667 748 ac
690 710 855 756 Salacia,
879 724 981 761 quae
1016 710 1200 747 diximus.
1256 711 1405 760 stipen—

220 773 434 811 diariorum
465 787 563 824 quos
593 775 798 810 nominare
833 786 911 809 non
946 775 1098 823 pigeat,
1128 777 1290 823 praeter
1325 774 1404 808 iam

220 835 347 873 dictos
375 838 415 872 in
441 835 630 872 Baeticae
659 835 975 886 cognominibus,
1003 834 1404 885 Augustobricenses,

220 899 511 943 Aeminienses,
552 897 804 941 Aranditani,
839 897 1143 941 Axabricenses,
1184 895 1405 941 Balsenses,

222 960 608 1004 Caesarobricenses,
647 959 907 1010 Caperenses,
945 958 1196 1003 Caurienses,
1234 957 1405 1003 Colarni,

221 1021 436 1066 Cibilitani,
467 1021 794 1066 Concordienses,
824 1020 1023 1064 Elbocori,
1053 1020 1405 1065 Interamnienses,

223 1083 475 1128 Lancienses,
494 1083 802 1120 Mirobricenses
819 1085 886 1133 qui
902 1082 1045 1119 Celtici
1058 1084 1405 1133 cognominantur,

224 1145 552 1183 Medubricenses
574 1148 641 1196 qui
663 1144 883 1195 Plumbari,
900 1144 1132 1189 Ocelenses,
1151 1143 1316 1182 Turduli
1337 1146 1403 1195 qui

220 1207 366 1245 Bardili
384 1213 426 1245 et
442 1207 598 1258 Tapori.

273 1269 519 1307 Lusitaniam
568 1283 658 1307 cum
708 1270 872 1307 Asturia
921 1275 963 1306 et
1013 1268 1216 1306 Gallaecia
1263 1274 1404 1319 patere

220 1332 468 1382 longitudine
490 1337 578 1376 BTOE,
599 1331 812 1369 latitudine
837 1328 993 1376 ὴῖεζίεῖι,
1015 1332 1196 1382 Agrippa
1215 1330 1402 1381 prodidit.

218 1408 354 1430 omnes
376 1400 514 1431 autem
537 1394 754 1444 Hispaniae
776 1407 798 1430 a
820 1394 975 1430 duobus
999 1392 1195 1444 Pyrenaei
1217 1405 1404 1443 promun-

218 1458 329 1492 turiis
367 1469 438 1506 per
475 1459 612 1500 maria,
646 1458 768 1493 totius
802 1468 894 1493 orae
941 1457 1106 1492 circuitu
1150 1458 1269 1506 lffil
1313 1459 1403 1492 x—iffv

216 1517 402 1568 colligere
423 1520 717 1562 existimantur,
736 1518 786 1554 ab
805 1517 890 1554 aliis
910 1522 1038 1570 [ml.

270 1580 330 1616 Ex
351 1580 517 1617 adverso
538 1580 778 1617 Celtiberiae
794 1579 1002 1630 conplures
1024 1585 1117 1616 sunt
1138 1579 1288 1617 insulae
1311 1578 1403 1617 Cas-

216 1641 398 1679 siterides
419 1642 550 1679 dietae
574 1642 736 1680 Graecis
762 1655 785 1679 a
808 1641 1019 1679 fertilitate
1045 1641 1196 1692 plumbi
1223 1639 1333 1686 albi,l
1361 1647 1403 1679 et

217 1717 238 1740 e
260 1706 421 1754 regione
438 1704 747 1741 Arrotrebarum
768 1706 1018 1754 promunturi
1035 1704 1214 1741 Deorum
1233 1716 1287 1748 vl,
1304 1716 1401 1754 quas

217 1765 337 1815 aliqui
369 1765 608 1803 Fortunatas
640 1765 905 1816 appellavere.
962 1768 1000 1802 in
1031 1768 1116 1815 ipso
1146 1778 1239 1802 vero
1268 1767 1401 1815 capite

218 1840 310 1864 mox
336 1827 524 1864 Baeticae
550 1827 601 1864 ab
626 1830 728 1864 ostio
754 1827 846 1865 freti
871 1841 909 1878 p.
938 1824 1011 1865 x—fir
1038 1827 1174 1872 Gadis,
1200 1826 1331 1877 longa,
1357 1832 1402 1864 ut

573 1947 585 1966 ¹
609 1946 678 1977 albi
695 1945 771 1978 add.
795 1945 1026 1987 Warminylon.

223 2043 294 2069 210
