1515 2351
137 476 180 507 49

137 906 179 936 50

137 1386 175 1416 51

407 99 598 139 PLINY:
652 101 915 139 NATURAL
954 100 1191 139 HISTORY

204 203 396 254 oppidum
436 203 594 248 Genua,
633 203 774 241 fluvius
815 204 969 247 Fertor,
1008 209 1148 253 portus
1188 201 1396 253 Delphini,

204 258 363 308 Tigulia
392 261 499 295 intus
519 264 561 295 et
581 257 751 308 Segesta
774 257 1052 308 Tigulliorum,
1071 257 1221 294 flumen
1242 257 1397 302 Macra,

207 311 395 361 Liguriae
446 311 546 348 finis.
601 324 624 348 a
674 317 791 361 tergo
841 317 980 348 autem
1029 323 1150 361 supra
1198 310 1396 348 dictorum

205 368 383 401 omnium
438 365 703 415 Appenninus
759 377 872 401 mons
930 364 1075 401 Italiae
1130 363 1397 414 amplissimus

204 421 411 468 perpetuis
455 421 557 469 iugis
601 418 651 455 ab
695 418 866 467 Alpibus
909 417 1082 455 tendens
1127 417 1178 454 ad
1221 416 1397 454 Siculum

210 471 372 509 fretum.
441 472 492 508 ab
525 471 654 509 altero
687 475 772 509 eius
804 472 932 508 latere
965 471 1017 508 ad
1050 470 1205 508 Padum
1237 483 1397 508 amnem

206 525 351 562 Italiae
384 525 625 562 ditissimum
660 528 795 562 omnia
827 525 1026 562 nobilibus
1060 524 1217 574 oppidis
1251 527 1398 570 nitent,

207 578 395 622 Libarna,
415 579 598 616 Dertona
617 578 787 622 colonia,
807 579 901 622 Iria,
920 578 1162 622 Vardacate,
1182 577 1397 623 Industria,

206 631 420 676 Pollentia,
473 632 621 670 Cori-ea
675 632 783 682 quod
837 631 1025 668 Potentia
1078 634 1398 682 cognominatur,

208 685 306 723 Foro
355 686 466 723 Fulvi
513 685 619 736 quod
666 685 939 729 Valentinum,
995 686 1181 735 Augusta
1226 685 1396 735 Bagien-

206 752 361 782 norum,
394 739 498 775 Alba
532 738 738 788 Pompeia,
771 739 914 782 Hasta,
948 739 1074 789 Aquis
1107 738 1396 775 Statiellorum.

204 792 303 830 haec
326 796 436 843 regio
457 806 507 830 ex
529 793 787 842 discriptione
812 794 986 842 Augusti
1018 805 1122 829 nona
1152 798 1226 829 est.
1282 798 1398 841 patet

205 860 273 883 ora
294 846 482 895 Liguriae
501 849 607 883 inter
625 859 763 883 amnes
783 846 931 882 Varum
952 852 993 883 et
1015 846 1198 882 Macram
1217 851 1304 884 c—cffi
1326 859 1364 895 p.

260 899 504 937 Adnectitur
530 903 718 950 septima,
747 903 786 936 in
814 913 892 949 qua
922 900 1084 936 Etruria
1112 906 1174 936 est
1202 899 1253 935 ab
1281 912 1399 936 amne

210 952 365 997 Macra,
412 956 497 1003 ipsa
544 956 712 991 mutatis
759 967 881 1003 saepe
930 953 1168 990 nominibus.
1226 952 1398 990 Umbros

208 1006 300 1044 inde
322 1020 496 1069 exegere
516 1010 740 1057 antiquitus
762 1006 936 1057 Pelasgi,
955 1006 1026 1043 hos
1049 1006 1108 1057 Ly
1100 1006 1166 1050 di,
1187 1019 1210 1042 a
1230 1020 1397 1056 quorum

208 1073 302 1110 rege
324 1061 508 1110 Tyrreni,
530 1074 622 1097 mox
646 1074 668 1097 a
690 1061 867 1098 sacrifico
890 1063 970 1097 ritu
993 1060 1130 1109 lingua
1152 1060 1397 1097 Graecorum

205 1114 350 1151 Tusci¹
380 1121 473 1151 sunt
511 1117 797 1164 cognominati.
852 1117 1024 1164 primum
1064 1114 1250 1151 Etruriae
1287 1116 1399 1164 oppi-

205 1167 301 1204 dum
318 1167 447 1211 Luna,
459 1174 580 1218 portu
595 1168 742 1211 nobile,
755 1167 912 1204 colonia
928 1167 1037 1204 Luca
1052 1181 1075 1204 a
1089 1170 1189 1204 mari
1204 1167 1396 1205 recedens

206 1224 446 1272 propiorque
480 1221 593 1259 Pisae
626 1225 731 1258 inter
764 1235 902 1258 amnes
934 1222 1130 1258 Auserem
1165 1227 1207 1258 et
1241 1221 1397 1258 Arnum

206 1281 319 1311 ortae
355 1288 377 1311 a
414 1274 613 1324 Pelopidis
649 1278 730 1312 sive
767 1288 789 1311 a
824 1275 1032 1319 Teutanis,
1068 1275 1225 1311 Graeca
1259 1280 1399 1325 gente,

207 1328 308 1364 vada
358 1328 638 1371 Volaterrana,
689 1328 829 1365 fluvius
881 1328 1068 1371 Caecina,
1120 1327 1399 1377 Populonium,

208 1381 465 1418 Etruscorum
498 1382 700 1432 quondam
735 1381 807 1418 lioc
840 1388 1001 1418 tantum
1034 1385 1073 1418 in
1106 1381 1234 1418 litore.
1307 1380 1398 1418 hinc

205 1448 344 1472 amnes
372 1435 492 1479 Prile,
519 1449 611 1472 mox
644 1435 796 1472 L'mbro
825 1439 1075 1485 navigiorum
1103 1449 1247 1484 capax,
1275 1441 1318 1472 et
1346 1435 1397 1471 ab

207 1502 253 1526 eo
271 1495 426 1526 tractus
446 1489 639 1526 Umbriae
658 1496 878 1538 portusque
896 1489 1078 1532 Telamo
1096 1488 1198 1526 Cosa
1216 1488 1399 1526 Volcien-

206 1545 307 1579 tium
330 1556 352 1578 a
374 1543 521 1592 populo
544 1543 724 1579 Romano
745 1543 936 1587 deducta,
958 1542 1189 1586 Graviscae,
1210 1542 1397 1579 Castrum

208 1595 378 1640 Novum,
414 1595 549 1646 Pyrgi,
578 1597 827 1633 Cacrctanus
863 1599 990 1633 amnis
1027 1603 1069 1633 et
1106 1599 1234 1646 ipsum
1271 1595 1399 1633 Caere

207 1652 313 1687 intus
331 1664 383 1687 m.
403 1663 441 1699 p.
461 1663 517 1686 vu
537 1650 683 1700 Agylla
703 1664 725 1685 a
745 1650 923 1698 Pelasgis
941 1650 1213 1687 conditoribus
1231 1649 1399 1694 dictum,

677 1731 688 1750 ²
713 1730 837 1761 Thusci
855 1730 924 1762 edd.

293 1856 308 1871 ⁰
331 1851 506 1888 Θυοσκόοι,
524 1852 611 1883 from
629 1852 714 1884 θύειν
731 1852 847 1890 (Dion.
867 1851 945 1883 Hal.
965 1852 1044 1884 Ant.
1063 1852 1159 1884 Rom.
1179 1850 1206 1883 Ῑ.
1225 1851 1293 1890 30).

298 1894 310 1914 ⁰
333 1894 417 1925 Now
435 1895 492 1926 the
508 1895 656 1931 serchio,
673 1906 694 1926 a
710 1896 882 1936 tributary
900 1895 935 1926 of
951 1895 1009 1926 the
1026 1895 1131 1927 Arno.

294 1942 306 1956 θ
328 1938 411 1969 Now
431 1937 490 1969 the
509 1938 631 1979 village
649 1939 684 1970 of
705 1938 801 1970 Vadi.

295 1979 310 1999 ⁴
333 1980 418 2012 Now
437 1980 495 2012 the
513 1981 672 2012 vaccina.

209 2043 256 2090 38
