1515 2351
430 122 620 162 PLlNY:
672 124 938 163 NATURAL
975 124 1213 163 HISTORY

224 226 388 264 flumina
426 230 649 272 innumera,
685 228 756 265 sed
792 234 1019 265 memoratu
1056 228 1181 278 digna
1217 241 1241 265 a
1279 227 1416 266 Locris

224 279 350 331 Sagra
385 287 426 318 et
460 284 630 332 vestigia
658 281 794 332 oppidi
823 282 1025 325 Caulonis,
1057 282 1250 326 Mustiae,
1279 281 1416 319 Consi—

224 333 348 370 linum
376 341 567 379 castrum,
596 334 849 385 Cocynthum
879 335 984 385 quod
1019 348 1106 372 esse
1140 335 1415 385 longissimum

226 387 369 424 Italiae
396 391 717 437 promunturium
743 389 864 438 aliqui
894 391 1156 433 existumant,
1183 388 1277 425 dein
1304 392 1412 426 sinus

226 446 268 478 et
302 441 395 478 urbs
429 440 671 492 Scolagium‚
705 441 941 492 Scylletium
976 441 1292 479 Atheniensibus
1325 455 1416 479 cum

225 494 445 531 conderent
465 494 640 538 dictum;
672 508 793 545 quem
812 495 943 532 locum
966 508 1175 532 occurrens
1194 495 1413 533 Terinaeus

225 551 334 585 sinus
358 548 610 597 peninsulam
634 549 769 593 efficit,
793 554 835 586 et
859 552 899 585 in
923 561 971 586 ea
995 555 1135 598 portus
1159 551 1225 599 qui
1252 555 1417 586 vocatur

226 600 369 638 Castra
400 601 653 646 Hannibalis,
684 615 880 652 nusquam
913 605 1144 652 angustiore
1180 602 1321 640 Italia:
1367 608 1417 640 x—x

227 667 265 704 p.
292 654 467 692 latitudo
495 661 568 692 est.
623 658 762 706 itaque
790 656 1006 706 Dionysius
1034 658 1161 692 maior
1187 658 1417 693 intercisam

160 713 202 744 96
226 721 274 745 eo
291 707 377 745 loco
395 708 554 746 adicere
571 708 730 746 Siciliae
748 709 886 746 voluit.
941 722 1079 746 amnes
1098 709 1150 745 ibi
1170 709 1416 759 navigabiles

227 761 431 806 Carcinus,
484 761 682 806 Crotalus,
735 761 924 806 Semirus,
978 763 1147 812 Arogas,
1198 762 1416 813 Thagines,

228 815 419 865 oppidum
455 818 563 853 intus
599 815 758 860 Petilia,
793 829 906 853 mons
942 815 1147 859 Clibanus,
1181 822 1416 866 promuntu-

228 872 330 905 rium
366 868 587 913 Lacinium,
619 873 730 906 cuius
763 875 859 906 ante
892 882 1002 906 oram
1037 869 1165 906 insula
1199 875 1223 908 ἵ(
1255 882 1278 906 a
1310 875 1419 907 terra

231 922 464 966 Dioscoron,
479 922 607 960 altera
624 922 820 973 Calypsus
837 936 958 973 quam
975 922 1177 973 Ogygiam
1195 922 1420 973 appellasse

230 975 430 1013 Homerus
477 979 745 1021 existimatur,
791 982 1005 1026 praeterea
1049 976 1178 1027 Tyris,
1224 976 1420 1021 Eranusa,

232 1029 447 1066 Meloessa.
501 1033 631 1080 ipsum
680 1043 703 1066 a
751 1029 929 1067 Caulone
978 1029 1118 1067 abesse
1168 1035 1240 1068 ffi
1286 1029 1420 1080 prodit

231 1083 426 1133 Agrippa.

164 1140 204 1172 97
282 1136 353 1174 XI.
383 1137 419 1173 A
466 1136 628 1173 Lacinio
671 1140 949 1186 promunturio
993 1136 1190 1173 secundus
1234 1136 1419 1186 Europae

231 1193 340 1227 sinus
369 1193 509 1239 incipit
537 1203 684 1240 magno
714 1191 870 1227 ambitu
899 1190 1026 1227 flexus
1056 1196 1098 1227 et
1127 1190 1422 1227 Acroceraunio

232 1242 343 1293 Epiri
370 1243 505 1281 finitus
531 1247 823 1293 promunturio,
849 1257 872 1280 a
899 1257 978 1294 quo
1004 1243 1120 1281 abest
1147 1249 1257 1282 va.
1311 1246 1423 1294 oppi-

232 1296 328 1333 dum
355 1296 491 1341 Croto,
518 1300 645 1334 amnis
676 1297 898 1341 Neaethus,
928 1297 1118 1347 oppidum
1148 1296 1284 1334 Thurii
1318 1300 1424 1334 inter

233 1350 332 1387 duos
374 1363 511 1387 amnes
553 1350 734 1388 Crathim
778 1357 819 1388 et
860 1350 1059 1401 Sybarim,
1101 1350 1167 1387 ubi
1209 1349 1286 1387 fuit
1328 1350 1421 1387 urbs

233 1404 376 1441 eodem
401 1407 573 1441 nomine.
628 1405 812 1442 similiter
836 1410 897 1441 est
921 1407 1028 1442 inter
1055 1403 1171 1441 Sirim
1201 1409 1244 1441 et
1273 1404 1420 1441 Acirim

233 1457 432 1495 Heraclea
479 1458 695 1508 aliquando
744 1457 838 1495 Siris
877 1461 1065 1495 vocitata.
1119 1457 1283 1494 flumina
1321 1458 1422 1495 Aca-

232 1511 431 1554 landrmn,
469 1511 732 1555 Casuentum,
769 1511 960 1561 oppidum
1002 1511 1304 1560 Metapontum,
1343 1524 1422 1561 quo

165 1569 208 1600 98
231 1568 354 1602 tertia
394 1565 537 1602 ltaliae
575 1568 685 1615 regio
724 1565 870 1602 finitur.
926 1565 1209 1602 mediterranei
1247 1563 1423 1602 Bruttio-

283 1701 297 1716 ⁰
319 1697 412 1738 Capo
429 1696 514 1728 dello
530 1697 689 1729 Colonno.

285 1740 298 1759 θ
322 1740 380 1772 Le.
395 1740 509 1771 sacred
525 1745 561 1771 to
574 1741 695 1772 Castor
707 1740 774 1771 and
790 1739 922 1773 Pollux.

285 1787 297 1803 θ
322 1783 404 1814 Now
432 1783 490 1814 the
517 1784 715 1815 Mountains
744 1784 779 1815 of
810 1784 1006 1821 Khimarra,
1028 1783 1153 1824 ending
1173 1783 1207 1815 in
1230 1782 1324 1825 Capo
1346 1783 1422 1815 Lin-

236 1830 403 1900 guvfl‘lllis
434 1869 461 1899 is
495 1868 559 1900 less
591 1868 676 1899 than
708 1868 780 1900 half
812 1869 870 1900 the
897 1868 1014 1900 actual
1041 1868 1197 1900 distance
1222 1878 1336 1900 across
1365 1869 1424 1900 the

241 1912 416 1948 A‹lri;itic;
441 1911 508 1942 and
528 1911 627 1952 Pliny
645 1922 753 1943 seems
770 1915 807 1942 to
825 1911 960 1943 include
984 1912 1043 1943 the
1067 1911 1149 1944 Guls
1172 1911 1208 1943 of
1229 1911 1420 1943 Tarentum

241 1954 321 1985 with
341 1954 399 1985 the
417 1954 571 1986 Adriatic
588 1954 622 1985 in
640 1954 699 1986 the
715 1954 879 1987 secundus
895 1956 1049 1996 Europae
1065 1955 1172 1986 sinus.

282 2002 294 2016 ⁰
315 1997 465 2038 Sybaris.

241 2070 287 2106 70
