<?xml version="1.0" encoding="UTF-8"?>
<!DOCTYPE html PUBLIC "-//W3C//DTD XHTML 1.0 Transitional//EN"
    "http://www.w3.org/TR/xhtml1/DTD/xhtml1-transitional.dtd">
<html xmlns="http://www.w3.org/1999/xhtml" xml:lang="en" lang="en">
 <head>
  <title>
</title>
<meta http-equiv="Content-Type" content="text/html;charset=utf-8" />
  <meta name='ocr-system' content='tesseract 3.04.00' />
  <meta name='ocr-capabilities' content='ocr_page ocr_carea ocr_par ocr_line ocrx_word'/>
</head>
<body>
  <div class='ocr_page' id='page_1' title='image "./naturalhistory02plinuoft/naturalhistory02plinuoft_0066.png"; bbox 0 0 1515 2351; ppageno 0'>
   <div class='ocr_carea' id='block_1_1' title="bbox 155 458 196 490">
    <p class='ocr_par' dir='ltr' id='par_1_1' title="bbox 155 458 196 490">
     <span class='ocr_line' id='line_1_1' title="bbox 155 458 196 490; baseline -0.024 0"><span class='ocrx_word' id='word_1_1' title='bbox 155 458 196 490; x_wconf 88' lang='grc'><strong>66</strong></span> 
     </span>
    </p>
   </div>
   <div class='ocr_carea' id='block_1_2' title="bbox 155 1136 197 1168">
    <p class='ocr_par' dir='ltr' id='par_1_2' title="bbox 155 1136 197 1168">
     <span class='ocr_line' id='line_1_2' title="bbox 155 1136 197 1168; baseline -0.048 0"><span class='ocrx_word' id='word_1_2' title='bbox 155 1136 197 1168; x_wconf 86' lang='grc'><strong>67</strong></span> 
     </span>
    </p>
   </div>
   <div class='ocr_carea' id='block_1_3' title="bbox 426 102 1212 142">
    <p class='ocr_par' dir='ltr' id='par_1_3' title="bbox 426 102 1212 142">
     <span class='ocr_line' id='line_1_3' title="bbox 426 102 1212 142; baseline 0 -1"><span class='ocrx_word' id='word_1_3' title='bbox 426 102 595 141; x_wconf 91' lang='lat' dir='ltr'>PLINY</span> <span class='ocrx_word' id='word_1_4' title='bbox 610 118 618 141; x_wconf 89' lang='lat'>:</span> <span class='ocrx_word' id='word_1_5' title='bbox 671 104 936 142; x_wconf 85' lang='lat' dir='ltr'>NATURAL</span> <span class='ocrx_word' id='word_1_6' title='bbox 974 103 1212 142; x_wconf 89' lang='lat' dir='ltr'>HISTORY</span> 
     </span>
    </p>
   </div>
   <div class='ocr_carea' id='block_1_4' title="bbox 221 207 1415 1674">
    <p class='ocr_par' dir='ltr' id='par_1_4' title="bbox 221 207 1413 442">
     <span class='ocr_line' id='line_1_4' title="bbox 221 207 1412 260; baseline 0.002 -16"><span class='ocrx_word' id='word_1_7' title='bbox 221 207 396 245; x_wconf 88' lang='lat' dir='ltr'><strong>alienum</strong></span> <span class='ocrx_word' id='word_1_8' title='bbox 415 207 574 245; x_wconf 81' lang='lat' dir='ltr'><strong>videtur</strong></span> <span class='ocrx_word' id='word_1_9' title='bbox 588 211 762 245; x_wconf 88' lang='lat' dir='ltr'><strong>inserere</strong></span> <span class='ocrx_word' id='word_1_10' title='bbox 778 207 852 245; x_wconf 90' lang='lat' dir='ltr'><strong>hoc</strong></span> <span class='ocrx_word' id='word_1_11' title='bbox 868 207 954 245; x_wconf 91' lang='lat' dir='ltr'><strong>loco</strong></span> <span class='ocrx_word' id='word_1_12' title='bbox 967 207 1198 258; x_wconf 87' lang='lat' dir='ltr'><strong>exemplum</strong></span> <span class='ocrx_word' id='word_1_13' title='bbox 1210 207 1412 260; x_wconf 87' lang='lat' dir='ltr'><strong>religionis</strong></span> 
     </span>
     <span class='ocr_line' id='line_1_5' title="bbox 222 268 1412 320; baseline 0.001 -14"><span class='ocrx_word' id='word_1_14' title='bbox 222 272 415 320; x_wconf 88' lang='lat' dir='ltr'><strong>antiquae</strong></span> <span class='ocrx_word' id='word_1_15' title='bbox 437 270 488 306; x_wconf 92' lang='lat' dir='ltr'><strong>ob</strong></span> <span class='ocrx_word' id='word_1_16' title='bbox 510 268 584 307; x_wconf 90' lang='lat' dir='ltr'><strong>hoc</strong></span> <span class='ocrx_word' id='word_1_17' title='bbox 606 273 782 306; x_wconf 86' lang='lat' dir='ltr'><strong>maxime</strong></span> <span class='ocrx_word' id='word_1_18' title='bbox 804 269 1008 306; x_wconf 86' lang='lat' dir='ltr'><strong>silentium</strong></span> <span class='ocrx_word' id='word_1_19' title='bbox 1030 272 1264 308; x_wconf 84' lang='lat' dir='ltr'><strong>institutae:</strong></span> <span class='ocrx_word' id='word_1_20' title='bbox 1301 283 1412 307; x_wconf 84' lang='lat' dir='ltr'><strong>nam·</strong></span> 
     </span>
     <span class='ocr_line' id='line_1_6' title="bbox 222 330 1413 381; baseline 0.001 -13"><span class='ocrx_word' id='word_1_21' title='bbox 222 344 300 381; x_wconf 93' lang='lat' dir='ltr'><strong>que</strong></span> <span class='ocrx_word' id='word_1_22' title='bbox 319 331 409 368; x_wconf 90' lang='lat' dir='ltr'><strong>diva</strong></span> <span class='ocrx_word' id='word_1_23' title='bbox 429 331 661 381; x_wconf 85' lang='lat' dir='ltr'>Angerona,</span> <span class='ocrx_word' id='word_1_24' title='bbox 677 333 740 368; x_wconf 92' lang='lat' dir='ltr'><strong>cui</strong></span> <span class='ocrx_word' id='word_1_25' title='bbox 758 330 1004 368; x_wconf 86' lang='lat' dir='ltr'><strong>sacrificatur</strong></span> <span class='ocrx_word' id='word_1_26' title='bbox 1021 343 1057 367; x_wconf 93' lang='lat' dir='ltr'><strong>a.</strong></span> <span class='ocrx_word' id='word_1_27' title='bbox 1077 330 1115 367; x_wconf 90' lang='lat' dir='ltr'><strong>d.</strong></span> <span class='ocrx_word' id='word_1_28' title='bbox 1135 343 1192 367; x_wconf 84' lang='lat' dir='ltr'><strong>xu</strong></span> <span class='ocrx_word' id='word_1_29' title='bbox 1209 331 1290 368; x_wconf 89' lang='lat' dir='ltr'><strong>kal.</strong></span> <span class='ocrx_word' id='word_1_30' title='bbox 1311 331 1413 376; x_wconf 85' lang='lat' dir='ltr'><strong>Ian.‚</strong></span> 
     </span>
     <span class='ocr_line' id='line_1_7' title="bbox 222 391 1238 442; baseline 0.001 -13"><span class='ocrx_word' id='word_1_31' title='bbox 222 405 289 430; x_wconf 93' lang='lat' dir='ltr'><strong>ore</strong></span> <span class='ocrx_word' id='word_1_32' title='bbox 310 392 490 442; x_wconf 85' lang='lat' dir='ltr'><strong>obligato</strong></span> <span class='ocrx_word' id='word_1_33' title='bbox 511 392 804 442; x_wconf 81' lang='lat' dir='ltr'><strong>obsignatoque</strong></span> <span class='ocrx_word' id='word_1_34' title='bbox 824 391 1081 429; x_wconf 86' lang='lat' dir='ltr'><strong>simulacrum</strong></span> <span class='ocrx_word' id='word_1_35' title='bbox 1101 391 1238 430; x_wconf 88' lang='lat' dir='ltr'><strong>habet.</strong></span> 
     </span>
    </p>

    <p class='ocr_par' dir='ltr' id='par_1_5' title="bbox 222 453 1415 1674">
     <span class='ocr_line' id='line_1_8' title="bbox 279 453 1413 505; baseline 0.002 -15"><span class='ocrx_word' id='word_1_36' title='bbox 279 453 433 491; x_wconf 80' lang='lat' dir='ltr'><strong>Urbem</strong></span> <span class='ocrx_word' id='word_1_37' title='bbox 461 466 508 490; x_wconf 87' lang='lat'><strong>111</strong></span> <span class='ocrx_word' id='word_1_38' title='bbox 535 459 672 504; x_wconf 84' lang='lat' dir='ltr'><strong>portas</strong></span> <span class='ocrx_word' id='word_1_39' title='bbox 699 453 918 491; x_wconf 75' lang='lat' dir='ltr'><strong>habentem</strong></span> <span class='ocrx_word' id='word_1_40' title='bbox 947 453 1138 491; x_wconf 88' lang='lat' dir='ltr'><strong>Romulus</strong></span> <span class='ocrx_word' id='word_1_41' title='bbox 1165 453 1342 505; x_wconf 74' lang='lat' dir='ltr'><strong>reliquit,</strong></span> <span class='ocrx_word' id='word_1_42' title='bbox 1366 460 1413 492; x_wconf 84' lang='lat' dir='ltr'><strong>ut</strong></span> 
     </span>
     <span class='ocr_line' id='line_1_9' title="bbox 223 515 1412 565; baseline 0.002 -13"><span class='ocrx_word' id='word_1_43' title='bbox 223 515 413 565; x_wconf 88' lang='lat' dir='ltr'><strong>plurimas</strong></span> <span class='ocrx_word' id='word_1_44' title='bbox 456 515 712 553; x_wconf 83' lang='lat' dir='ltr'><strong>tradentibus</strong></span> <span class='ocrx_word' id='word_1_45' title='bbox 755 515 982 560; x_wconf 86' lang='lat' dir='ltr'><strong>credamus,</strong></span> <span class='ocrx_word' id='word_1_46' title='bbox 1027 527 1077 552; x_wconf 71' lang='grc' dir='ltr'><strong>ιν.</strong></span> <span class='ocrx_word' id='word_1_47' title='bbox 1124 518 1283 553; x_wconf 91' lang='lat' dir='ltr'><strong>moenia</strong></span> <span class='ocrx_word' id='word_1_48' title='bbox 1328 519 1412 554; x_wconf 90' lang='lat' dir='ltr'><strong>eius</strong></span> 
     </span>
     <span class='ocr_line' id='line_1_10' title="bbox 222 576 1413 627; baseline 0.002 -14"><span class='ocrx_word' id='word_1_49' title='bbox 222 577 421 627; x_wconf 87' lang='lat' dir='ltr'><strong>collegere</strong></span> <span class='ocrx_word' id='word_1_50' title='bbox 451 577 605 614; x_wconf 89' lang='lat' dir='ltr'><strong>ambitu</strong></span> <span class='ocrx_word' id='word_1_51' title='bbox 637 576 946 627; x_wconf 85' lang='lat' dir='ltr'><strong>imperatoribus</strong></span> <span class='ocrx_word' id='word_1_52' title='bbox 975 577 1287 627; x_wconf 89' lang='lat' dir='ltr'><strong>censoribusque</strong></span> <span class='ocrx_word' id='word_1_53' title='bbox 1317 577 1413 615; x_wconf 90' lang='lat' dir='ltr'><strong>Ves-</strong></span> 
     </span>
     <span class='ocr_line' id='line_1_11' title="bbox 222 638 1413 688; baseline 0.001 -13"><span class='ocrx_word' id='word_1_54' title='bbox 222 641 395 688; x_wconf 88' lang='lat' dir='ltr'><strong>pasianis</strong></span> <span class='ocrx_word' id='word_1_55' title='bbox 429 651 534 675; x_wconf 91' lang='lat' dir='ltr'><strong>anno</strong></span> <span class='ocrx_word' id='word_1_56' title='bbox 567 638 754 675; x_wconf 88' lang='lat' dir='ltr'><strong>conditae</strong></span> <span class='ocrx_word' id='word_1_57' title='bbox 785 650 970 675; x_wconf 75' lang='lat' dir='ltr'><strong>ncccxxw</strong></span> <span class='ocrx_word' id='word_1_58' title='bbox 996 651 1049 675; x_wconf 89' lang='lat' dir='ltr'><strong>m.</strong></span> <span class='ocrx_word' id='word_1_59' title='bbox 1076 651 1115 688; x_wconf 91' lang='lat' dir='ltr'><strong>p.</strong></span> <span class='ocrx_word' id='word_1_60' title='bbox 1143 650 1294 683; x_wconf 79' lang='lat' dir='ltr'><strong>xxix-ce,</strong></span> <span class='ocrx_word' id='word_1_61' title='bbox 1321 652 1413 676; x_wconf 92' lang='lat' dir='ltr'><strong>con-</strong></span> 
     </span>
     <span class='ocr_line' id='line_1_12' title="bbox 223 699 1413 751; baseline 0.002 -15"><span class='ocrx_word' id='word_1_62' title='bbox 223 700 343 750; x_wconf 86' lang='lat' dir='ltr'><strong>plexa</strong></span> <span class='ocrx_word' id='word_1_63' title='bbox 382 706 540 737; x_wconf 85' lang='lat' dir='ltr'><strong>montes</strong></span> <span class='ocrx_word' id='word_1_64' title='bbox 581 706 751 750; x_wconf 81' lang='lat' dir='ltr'><strong>septem.</strong></span> <span class='ocrx_word' id='word_1_65' title='bbox 794 703 879 750; x_wconf 90' lang='lat' dir='ltr'><strong>ipsa</strong></span> <span class='ocrx_word' id='word_1_66' title='bbox 919 699 1110 737; x_wconf 86' lang='lat' dir='ltr'><strong>dividitur</strong></span> <span class='ocrx_word' id='word_1_67' title='bbox 1149 702 1190 736; x_wconf 90' lang='lat' dir='ltr'><strong>in</strong></span> <span class='ocrx_word' id='word_1_68' title='bbox 1230 703 1413 751; x_wconf 88' lang='lat' dir='ltr'><strong>regiones</strong></span> 
     </span>
     <span class='ocr_line' id='line_1_13' title="bbox 224 761 1413 812; baseline 0.002 -15"><span class='ocrx_word' id='word_1_69' title='bbox 224 762 562 812; x_wconf 86' lang='lat' dir='ltr'><strong>quattuordecim,</strong></span> <span class='ocrx_word' id='word_1_70' title='bbox 615 764 791 811; x_wconf 90' lang='lat' dir='ltr'><strong>compita</strong></span> <span class='ocrx_word' id='word_1_71' title='bbox 847 761 995 798; x_wconf 85' lang='lat' dir='ltr'><strong>Larum</strong></span> <span class='ocrx_word' id='word_1_72' title='bbox 1049 773 1177 798; x_wconf 81' lang='lat' dir='ltr'><strong>chxv.</strong></span> <span class='ocrx_word' id='word_1_73' title='bbox 1234 762 1413 799; x_wconf 89' lang='lat' dir='ltr'><strong>eiusdem</strong></span> 
     </span>
     <span class='ocr_line' id='line_1_14' title="bbox 223 822 1414 874; baseline 0.001 -14"><span class='ocrx_word' id='word_1_74' title='bbox 223 826 398 873; x_wconf 86' lang='lat' dir='ltr'><strong>spatium</strong></span> <span class='ocrx_word' id='word_1_75' title='bbox 444 836 632 860; x_wconf 89' lang='lat' dir='ltr'><strong>mensura</strong></span> <span class='ocrx_word' id='word_1_76' title='bbox 677 829 864 860; x_wconf 85' lang='lat' dir='ltr'><strong>currente</strong></span> <span class='ocrx_word' id='word_1_77' title='bbox 911 836 933 859; x_wconf 86' lang='lat' dir='ltr'><strong>a</strong></span> <span class='ocrx_word' id='word_1_78' title='bbox 980 822 1149 860; x_wconf 90' lang='lat' dir='ltr'><strong>miliario</strong></span> <span class='ocrx_word' id='word_1_79' title='bbox 1196 825 1235 860; x_wconf 91' lang='lat' dir='ltr'><strong>in</strong></span> <span class='ocrx_word' id='word_1_80' title='bbox 1280 826 1414 874; x_wconf 86' lang='lat' dir='ltr'><strong>capite</strong></span> 
     </span>
     <span class='ocr_line' id='line_1_15' title="bbox 224 883 1415 935; baseline 0.002 -14"><span class='ocrx_word' id='word_1_81' title='bbox 224 884 393 922; x_wconf 88' lang='lat' dir='ltr'><strong>Romani</strong></span> <span class='ocrx_word' id='word_1_82' title='bbox 423 883 498 922; x_wconf 88' lang='lat' dir='ltr'><strong>fori</strong></span> <span class='ocrx_word' id='word_1_83' title='bbox 528 890 684 922; x_wconf 87' lang='lat' dir='ltr'><strong>statuto</strong></span> <span class='ocrx_word' id='word_1_84' title='bbox 715 884 767 921; x_wconf 86' lang='lat' dir='ltr'><strong>ad</strong></span> <span class='ocrx_word' id='word_1_85' title='bbox 797 884 974 935; x_wconf 88' lang='lat' dir='ltr'><strong>singulas</strong></span> <span class='ocrx_word' id='word_1_86' title='bbox 1004 890 1156 934; x_wconf 87' lang='lat' dir='ltr'><strong>portas,</strong></span> <span class='ocrx_word' id='word_1_87' title='bbox 1186 898 1290 935; x_wconf 91' lang='lat' dir='ltr'><strong>quae</strong></span> <span class='ocrx_word' id='word_1_88' title='bbox 1320 891 1415 923; x_wconf 85' lang='lat' dir='ltr'><strong>sunt</strong></span> 
     </span>
     <span class='ocr_line' id='line_1_16' title="bbox 223 945 1415 984; baseline 0.001 -1"><span class='ocrx_word' id='word_1_89' title='bbox 223 946 342 984; x_wconf 91' lang='lat' dir='ltr'><strong>hodie</strong></span> <span class='ocrx_word' id='word_1_90' title='bbox 367 959 535 984; x_wconf 88' lang='lat' dir='ltr'><strong>numero</strong></span> <span class='ocrx_word' id='word_1_91' title='bbox 561 959 693 983; x_wconf 81' lang='lat' dir='ltr'><strong>xxxvu</strong></span> <span class='ocrx_word' id='word_1_92' title='bbox 720 949 777 983; x_wconf 87' lang='lat' dir='ltr'><strong>ita</strong></span> <span class='ocrx_word' id='word_1_93' title='bbox 802 952 849 983; x_wconf 84' lang='lat' dir='ltr'><strong>ut</strong></span> <span class='ocrx_word' id='word_1_94' title='bbox 876 945 1101 983; x_wconf 88' lang='lat' dir='ltr'><strong>Duodecim</strong></span> <span class='ocrx_word' id='word_1_95' title='bbox 1126 946 1251 984; x_wconf 91' lang='lat' dir='ltr'><strong>semel</strong></span> <span class='ocrx_word' id='word_1_96' title='bbox 1276 960 1415 984; x_wconf 87' lang='lat' dir='ltr'><strong>nume-</strong></span> 
     </span>
     <span class='ocr_line' id='line_1_17' title="bbox 224 1007 1414 1058; baseline 0.001 -13"><span class='ocrx_word' id='word_1_97' title='bbox 224 1014 363 1045; x_wconf 85' lang='lat' dir='ltr'><strong>rentur</strong></span> <span class='ocrx_word' id='word_1_98' title='bbox 387 1014 779 1058; x_wconf 80' lang='lat' dir='ltr'><strong>praetereanturque</strong></span> <span class='ocrx_word' id='word_1_99' title='bbox 807 1021 856 1045; x_wconf 80' lang='lat' dir='ltr'><strong>ex</strong></span> <span class='ocrx_word' id='word_1_100' title='bbox 883 1007 1086 1044; x_wconf 86' lang='lat' dir='ltr'><strong>veteribus</strong></span> <span class='ocrx_word' id='word_1_101' title='bbox 1112 1020 1169 1044; x_wconf 80' lang='lat' dir='ltr'><strong>vn</strong></span> <span class='ocrx_word' id='word_1_102' title='bbox 1196 1021 1300 1058; x_wconf 88' lang='lat' dir='ltr'><strong>quae</strong></span> <span class='ocrx_word' id='word_1_103' title='bbox 1327 1021 1414 1046; x_wconf 88' lang='lat' dir='ltr'><strong>esse</strong></span> 
     </span>
     <span class='ocr_line' id='line_1_18' title="bbox 224 1069 1413 1119; baseline 0.001 -13"><span class='ocrx_word' id='word_1_104' title='bbox 224 1069 445 1114; x_wconf 83' lang='lat' dir='ltr'><strong>desierunt,</strong></span> <span class='ocrx_word' id='word_1_105' title='bbox 467 1069 587 1107; x_wconf 82' lang='lat' dir='ltr'><strong>efficit</strong></span> <span class='ocrx_word' id='word_1_106' title='bbox 616 1083 805 1119; x_wconf 88' lang='lat' dir='ltr'><strong>passuum</strong></span> <span class='ocrx_word' id='word_1_107' title='bbox 828 1082 900 1119; x_wconf 90' lang='lat' dir='ltr'><strong>per</strong></span> <span class='ocrx_word' id='word_1_108' title='bbox 921 1069 1117 1106; x_wconf 86' lang='lat' dir='ltr'><strong>directum</strong></span> <span class='ocrx_word' id='word_1_109' title='bbox 1141 1082 1413 1107; x_wconf 74' lang='lat' dir='ltr'><strong>xx.m.ncc1.xv.</strong></span> 
     </span>
     <span class='ocr_line' id='line_1_19' title="bbox 227 1131 1414 1180; baseline 0 -12"><span class='ocrx_word' id='word_1_110' title='bbox 227 1131 278 1168; x_wconf 87' lang='lat' dir='ltr'><strong>ad</strong></span> <span class='ocrx_word' id='word_1_111' title='bbox 303 1137 487 1168; x_wconf 79' lang='lat' dir='ltr'><strong>extrema</strong></span> <span class='ocrx_word' id='word_1_112' title='bbox 511 1144 604 1167; x_wconf 84' lang='lat' dir='ltr'><strong>vero</strong></span> <span class='ocrx_word' id='word_1_113' title='bbox 627 1136 828 1168; x_wconf 84' lang='lat' dir='ltr'><strong>tectorum</strong></span> <span class='ocrx_word' id='word_1_114' title='bbox 852 1144 943 1167; x_wconf 88' lang='lat' dir='ltr'><strong>cum</strong></span> <span class='ocrx_word' id='word_1_115' title='bbox 966 1133 1106 1167; x_wconf 85' lang='lat' dir='ltr'><strong>castris</strong></span> <span class='ocrx_word' id='word_1_116' title='bbox 1130 1134 1341 1180; x_wconf 84' lang='lat' dir='ltr'><strong>praetoriis</strong></span> <span class='ocrx_word' id='word_1_117' title='bbox 1364 1131 1414 1168; x_wconf 87' lang='lat' dir='ltr'><strong>ab</strong></span> 
     </span>
     <span class='ocr_line' id='line_1_20' title="bbox 225 1192 1415 1243; baseline 0 -13"><span class='ocrx_word' id='word_1_118' title='bbox 225 1193 367 1230; x_wconf 89' lang='lat' dir='ltr'><strong>eodem</strong></span> <span class='ocrx_word' id='word_1_119' title='bbox 397 1192 567 1230; x_wconf 86' lang='lat' dir='ltr'><strong>miliario</strong></span> <span class='ocrx_word' id='word_1_120' title='bbox 597 1206 670 1243; x_wconf 91' lang='lat' dir='ltr'><strong>per</strong></span> <span class='ocrx_word' id='word_1_121' title='bbox 700 1195 804 1229; x_wconf 79' lang='lat' dir='ltr'><strong>vicos</strong></span> <span class='ocrx_word' id='word_1_122' title='bbox 835 1195 1013 1229; x_wconf 87' lang='lat' dir='ltr'><strong>omnium</strong></span> <span class='ocrx_word' id='word_1_123' title='bbox 1045 1195 1197 1229; x_wconf 82' lang='lat' dir='ltr'><strong>viarum</strong></span> <span class='ocrx_word' id='word_1_124' title='bbox 1228 1205 1415 1230; x_wconf 88' lang='lat' dir='ltr'><strong>mensura</strong></span> 
     </span>
     <span class='ocr_line' id='line_1_21' title="bbox 223 1253 1411 1305; baseline 0.001 -14"><span class='ocrx_word' id='word_1_125' title='bbox 223 1254 374 1305; x_wconf 90' lang='lat' dir='ltr'><strong>colligit</strong></span> <span class='ocrx_word' id='word_1_126' title='bbox 390 1254 510 1304; x_wconf 89' lang='lat' dir='ltr'><strong>paulo</strong></span> <span class='ocrx_word' id='word_1_127' title='bbox 526 1254 696 1304; x_wconf 87' lang='lat' dir='ltr'><strong>amplius</strong></span> <span class='ocrx_word' id='word_1_128' title='bbox 719 1266 765 1290; x_wconf 86' lang='lat' dir='ltr'><strong>Lx</strong></span> <span class='ocrx_word' id='word_1_129' title='bbox 781 1267 819 1303; x_wconf 90' lang='lat' dir='ltr'><strong>p.</strong></span> <span class='ocrx_word' id='word_1_130' title='bbox 834 1266 843 1298; x_wconf 83' lang='lat'><em>3</em></span> <span class='ocrx_word' id='word_1_131' title='bbox 867 1253 974 1304; x_wconf 92' lang='lat' dir='ltr'><strong>quod</strong></span> <span class='ocrx_word' id='word_1_132' title='bbox 996 1256 1027 1291; x_wconf 90' lang='lat' dir='ltr'><strong>si</strong></span> <span class='ocrx_word' id='word_1_133' title='bbox 1051 1256 1138 1304; x_wconf 90' lang='lat' dir='ltr'><strong>quis</strong></span> <span class='ocrx_word' id='word_1_134' title='bbox 1153 1253 1411 1292; x_wconf 85' lang='lat' dir='ltr'><strong>altitudinem</strong></span> 
     </span>
     <span class='ocr_line' id='line_1_22' title="bbox 223 1315 1415 1366; baseline -0.001 -13"><span class='ocrx_word' id='word_1_135' title='bbox 223 1321 425 1353; x_wconf 86' lang='lat' dir='ltr'><strong>tectorum</strong></span> <span class='ocrx_word' id='word_1_136' title='bbox 442 1315 583 1359; x_wconf 83' lang='lat' dir='ltr'><strong>addat,</strong></span> <span class='ocrx_word' id='word_1_137' title='bbox 600 1316 764 1366; x_wconf 87' lang='lat' dir='ltr'><strong>dignam</strong></span> <span class='ocrx_word' id='word_1_138' title='bbox 783 1315 965 1365; x_wconf 89' lang='lat' dir='ltr'><strong>profecto</strong></span> <span class='ocrx_word' id='word_1_139' title='bbox 982 1318 1306 1352; x_wconf 86' lang='lat' dir='ltr'><strong>aestimationem</strong></span> <span class='ocrx_word' id='word_1_140' title='bbox 1323 1329 1415 1353; x_wconf 90' lang='lat' dir='ltr'><strong>con-</strong></span> 
     </span>
     <span class='ocr_line' id='line_1_23' title="bbox 223 1377 1415 1427; baseline 0 -13"><span class='ocrx_word' id='word_1_141' title='bbox 223 1380 361 1427; x_wconf 88' lang='lat' dir='ltr'><strong>cipiat,</strong></span> <span class='ocrx_word' id='word_1_142' title='bbox 397 1377 657 1427; x_wconf 87' lang='lat' dir='ltr'><strong>fateaturque</strong></span> <span class='ocrx_word' id='word_1_143' title='bbox 694 1377 839 1413; x_wconf 89' lang='lat' dir='ltr'><strong>nullius</strong></span> <span class='ocrx_word' id='word_1_144' title='bbox 875 1377 983 1414; x_wconf 89' lang='lat' dir='ltr'><strong>urbis</strong></span> <span class='ocrx_word' id='word_1_145' title='bbox 1019 1377 1340 1427; x_wconf 85' lang='lat' dir='ltr'><strong>magnitudinem</strong></span> <span class='ocrx_word' id='word_1_146' title='bbox 1375 1380 1415 1414; x_wconf 91' lang='lat' dir='ltr'><strong>in</strong></span> 
     </span>
     <span class='ocr_line' id='line_1_24' title="bbox 223 1438 1415 1489; baseline 0 -13"><span class='ocrx_word' id='word_1_147' title='bbox 223 1445 312 1476; x_wconf 87' lang='lat' dir='ltr'><strong>toto</strong></span> <span class='ocrx_word' id='word_1_148' title='bbox 327 1439 423 1476; x_wconf 90' lang='lat' dir='ltr'><strong>orbe</strong></span> <span class='ocrx_word' id='word_1_149' title='bbox 439 1442 618 1489; x_wconf 87' lang='lat' dir='ltr'><strong>potuisse</strong></span> <span class='ocrx_word' id='word_1_150' title='bbox 633 1442 667 1475; x_wconf 90' lang='lat' dir='ltr'><strong>ei</strong></span> <span class='ocrx_word' id='word_1_151' title='bbox 684 1441 919 1488; x_wconf 88' lang='lat' dir='ltr'><strong>comparari.</strong></span> <span class='ocrx_word' id='word_1_152' title='bbox 973 1438 1175 1475; x_wconf 88' lang='lat' dir='ltr'><strong>clauditur</strong></span> <span class='ocrx_word' id='word_1_153' title='bbox 1193 1439 1244 1475; x_wconf 89' lang='lat' dir='ltr'><strong>ab</strong></span> <span class='ocrx_word' id='word_1_154' title='bbox 1259 1441 1415 1476; x_wconf 83' lang='lat' dir='ltr'><strong>oriente</strong></span> 
     </span>
     <span class='ocr_line' id='line_1_25' title="bbox 225 1499 1415 1551; baseline 0 -14"><span class='ocrx_word' id='word_1_155' title='bbox 225 1513 373 1551; x_wconf 81' lang='lat' dir='ltr'><strong>aggere</strong></span> <span class='ocrx_word' id='word_1_156' title='bbox 395 1501 584 1550; x_wconf 86' lang='lat' dir='ltr'><strong>Tarquini</strong></span> <span class='ocrx_word' id='word_1_157' title='bbox 608 1499 778 1550; x_wconf 86' lang='lat' dir='ltr'><strong>Superbi</strong></span> <span class='ocrx_word' id='word_1_158' title='bbox 802 1503 907 1537; x_wconf 86' lang='lat' dir='ltr'><strong>inter</strong></span> <span class='ocrx_word' id='word_1_159' title='bbox 928 1503 1055 1549; x_wconf 83' lang='lat' dir='ltr'><strong>prima</strong></span> <span class='ocrx_word' id='word_1_160' title='bbox 1078 1513 1199 1549; x_wconf 88' lang='lat' dir='ltr'><strong>opere</strong></span> <span class='ocrx_word' id='word_1_161' title='bbox 1221 1500 1415 1544; x_wconf 87' lang='lat' dir='ltr'><strong>mirabili;</strong></span> 
     </span>
     <span class='ocr_line' id='line_1_26' title="bbox 224 1562 1415 1612; baseline 0.001 -14"><span class='ocrx_word' id='word_1_162' title='bbox 224 1575 399 1612; x_wconf 88' lang='lat' dir='ltr'><strong>namque</strong></span> <span class='ocrx_word' id='word_1_163' title='bbox 431 1575 523 1599; x_wconf 90' lang='lat' dir='ltr'><strong>eum</strong></span> <span class='ocrx_word' id='word_1_164' title='bbox 554 1565 676 1598; x_wconf 85' lang='lat' dir='ltr'><strong>muris</strong></span> <span class='ocrx_word' id='word_1_165' title='bbox 708 1565 898 1612; x_wconf 85' lang='lat' dir='ltr'><strong>aequavit</strong></span> <span class='ocrx_word' id='word_1_166' title='bbox 930 1575 1007 1612; x_wconf 81' lang='lat' dir='ltr'><strong>qua</strong></span> <span class='ocrx_word' id='word_1_167' title='bbox 1039 1564 1214 1598; x_wconf 81' lang='lat' dir='ltr'><strong>maxime</strong></span> <span class='ocrx_word' id='word_1_168' title='bbox 1244 1562 1415 1611; x_wconf 84' lang='lat' dir='ltr'><strong>patebat</strong></span> 
     </span>
     <span class='ocr_line' id='line_1_27' title="bbox 225 1623 1415 1674; baseline 0.002 -15"><span class='ocrx_word' id='word_1_169' title='bbox 225 1623 337 1661; x_wconf 86' lang='lat' dir='ltr'><strong>aditu</strong></span> <span class='ocrx_word' id='word_1_170' title='bbox 371 1623 504 1674; x_wconf 87' lang='lat' dir='ltr'><strong>plano.</strong></span> <span class='ocrx_word' id='word_1_171' title='bbox 558 1630 695 1660; x_wconf 85' lang='lat' dir='ltr'><strong>cetero</strong></span> <span class='ocrx_word' id='word_1_172' title='bbox 730 1626 886 1660; x_wconf 85' lang='lat' dir='ltr'><strong>munita</strong></span> <span class='ocrx_word' id='word_1_173' title='bbox 922 1629 1010 1660; x_wconf 84' lang='lat' dir='ltr'><strong>erat</strong></span> <span class='ocrx_word' id='word_1_174' title='bbox 1045 1623 1258 1672; x_wconf 89' lang='lat' dir='ltr'><strong>praecelsis</strong></span> <span class='ocrx_word' id='word_1_175' title='bbox 1294 1626 1415 1661; x_wconf 91' lang='lat' dir='ltr'><strong>muris</strong></span> 
     </span>
    </p>
   </div>
   <div class='ocr_carea' id='block_1_5' title="bbox 226 1726 1416 2026">
    <p class='ocr_par' dir='ltr' id='par_1_6' title="bbox 226 1726 1416 2026">
     <span class='ocr_line' id='line_1_28' title="bbox 269 1726 1416 1768; baseline 0 -9"><span class='ocrx_word' id='word_1_176' title='bbox 269 1732 283 1747; x_wconf 81' lang='lat'><em>⁰</em></span> <span class='ocrx_word' id='word_1_177' title='bbox 307 1728 366 1759; x_wconf 80' lang='lat' dir='ltr'><strong>I.e.</strong></span> <span class='ocrx_word' id='word_1_178' title='bbox 386 1727 575 1768; x_wconf 72' lang='lat' dir='ltr'><strong>Vespasian</strong></span> <span class='ocrx_word' id='word_1_179' title='bbox 593 1727 662 1758; x_wconf 77' lang='lat' dir='ltr'><strong>and</strong></span> <span class='ocrx_word' id='word_1_180' title='bbox 679 1727 790 1764; x_wconf 84' lang='lat' dir='ltr'><strong>Titus,</strong></span> <span class='ocrx_word' id='word_1_181' title='bbox 805 1727 881 1758; x_wconf 78' lang='lat' dir='ltr'><strong>who</strong></span> <span class='ocrx_word' id='word_1_182' title='bbox 898 1737 969 1758; x_wconf 79' lang='lat' dir='ltr'><strong>was</strong></span> <span class='ocrx_word' id='word_1_183' title='bbox 986 1726 1122 1758; x_wconf 70' lang='lat' dir='ltr'><strong>saluted</strong></span> <span class='ocrx_word' id='word_1_184' title='bbox 1144 1727 1311 1768; x_wconf 83' lang='lat' dir='ltr'><strong>Emperor</strong></span> <span class='ocrx_word' id='word_1_185' title='bbox 1326 1727 1416 1759; x_wconf 72' lang='lat' dir='ltr'><strong>after</strong></span> 
     </span>
     <span class='ocr_line' id='line_1_29' title="bbox 226 1769 1415 1811; baseline 0 -9"><span class='ocrx_word' id='word_1_186' title='bbox 226 1770 285 1802; x_wconf 84' lang='lat' dir='ltr'><strong>the</strong></span> <span class='ocrx_word' id='word_1_187' title='bbox 302 1771 391 1811; x_wconf 81' lang='lat' dir='ltr'><strong>siege</strong></span> <span class='ocrx_word' id='word_1_188' title='bbox 409 1771 443 1801; x_wconf 79' lang='lat' dir='ltr'><strong>of</strong></span> <span class='ocrx_word' id='word_1_189' title='bbox 460 1769 666 1806; x_wconf 76' lang='lat' dir='ltr'><strong>Jerusalem,</strong></span> <span class='ocrx_word' id='word_1_190' title='bbox 684 1770 752 1801; x_wconf 82' lang='lat' dir='ltr'><strong>and</strong></span> <span class='ocrx_word' id='word_1_191' title='bbox 770 1781 840 1801; x_wconf 79' lang='lat' dir='ltr'><strong>was</strong></span> <span class='ocrx_word' id='word_1_192' title='bbox 856 1770 1050 1801; x_wconf 77' lang='lat' dir='ltr'><strong>associated</strong></span> <span class='ocrx_word' id='word_1_193' title='bbox 1069 1769 1151 1801; x_wconf 74' lang='lat' dir='ltr'><strong>with</strong></span> <span class='ocrx_word' id='word_1_194' title='bbox 1174 1770 1225 1801; x_wconf 84' lang='lat' dir='ltr'><strong>his</strong></span> <span class='ocrx_word' id='word_1_195' title='bbox 1247 1770 1362 1802; x_wconf 80' lang='lat' dir='ltr'><strong>father</strong></span> <span class='ocrx_word' id='word_1_196' title='bbox 1380 1771 1415 1802; x_wconf 88' lang='lat' dir='ltr'><strong>in</strong></span> 
     </span>
     <span class='ocr_line' id='line_1_30' title="bbox 226 1812 1327 1875; baseline -0.001 -29"><span class='ocrx_word' id='word_1_197' title='bbox 226 1814 284 1875; x_wconf 54' lang='lat' dir='ltr'><strong>the</strong></span> <span class='ocrx_word' id='word_1_198' title='bbox 301 1818 538 1854; x_wconf 77' lang='lat' dir='ltr'><strong>government,</strong></span> <span class='ocrx_word' id='word_1_199' title='bbox 557 1813 625 1844; x_wconf 83' lang='lat' dir='ltr'><strong>and</strong></span> <span class='ocrx_word' id='word_1_200' title='bbox 644 1813 766 1844; x_wconf 76' lang='lat' dir='ltr'><strong>shared</strong></span> <span class='ocrx_word' id='word_1_201' title='bbox 785 1813 844 1844; x_wconf 83' lang='lat' dir='ltr'><strong>the</strong></span> <span class='ocrx_word' id='word_1_202' title='bbox 861 1813 973 1845; x_wconf 81' lang='lat' dir='ltr'><strong>duties</strong></span> <span class='ocrx_word' id='word_1_203' title='bbox 990 1812 1029 1844; x_wconf 82' lang='lat' dir='ltr'><strong>of</strong></span> <span class='ocrx_word' id='word_1_204' title='bbox 1043 1812 1103 1844; x_wconf 80' lang='lat' dir='ltr'><strong>the</strong></span> <span class='ocrx_word' id='word_1_205' title='bbox 1120 1813 1327 1855; x_wconf 76' lang='lat' dir='ltr'><strong>censorship.</strong></span> 
     </span>
     <span class='ocr_line' id='line_1_31' title="bbox 303 1858 442 1889; baseline 0.007 -1"><span class='ocrx_word' id='word_1_206' title='bbox 303 1866 374 1888; x_wconf 61' lang='grc' dir='ltr'><strong>ΛΑ).</strong></span> <span class='ocrx_word' id='word_1_207' title='bbox 391 1858 442 1889; x_wconf 87' lang='lat'><strong>73.</strong></span> 
     </span>
     <span class='ocr_line' id='line_1_32' title="bbox 273 1898 1414 1940; baseline -0.002 -9"><span class='ocrx_word' id='word_1_208' title='bbox 273 1905 285 1920; x_wconf 77' lang='lat'><em>⁶</em></span> <span class='ocrx_word' id='word_1_209' title='bbox 307 1899 451 1940; x_wconf 80' lang='lat' dir='ltr'><strong>Chapels</strong></span> <span class='ocrx_word' id='word_1_210' title='bbox 475 1899 510 1930; x_wconf 80' lang='lat' dir='ltr'><strong>oi</strong></span> <span class='ocrx_word' id='word_1_211' title='bbox 534 1898 592 1930; x_wconf 83' lang='lat' dir='ltr'><strong>the</strong></span> <span class='ocrx_word' id='word_1_212' title='bbox 616 1898 719 1930; x_wconf 75' lang='lat' dir='ltr'><strong>Lares</strong></span> <span class='ocrx_word' id='word_1_213' title='bbox 742 1898 949 1940; x_wconf 77' lang='lat' dir='ltr'><strong>Compitales</strong></span> <span class='ocrx_word' id='word_1_214' title='bbox 974 1898 1072 1930; x_wconf 77' lang='lat' dir='ltr'><strong>stood</strong></span> <span class='ocrx_word' id='word_1_215' title='bbox 1100 1903 1137 1930; x_wconf 80' lang='lat' dir='ltr'><strong>at</strong></span> <span class='ocrx_word' id='word_1_216' title='bbox 1165 1898 1276 1940; x_wconf 81' lang='lat' dir='ltr'><strong>places</strong></span> <span class='ocrx_word' id='word_1_217' title='bbox 1304 1898 1414 1930; x_wconf 82' lang='lat' dir='ltr'><strong>where</strong></span> 
     </span>
     <span class='ocr_line' id='line_1_33' title="bbox 226 1941 749 1974; baseline -0.002 -1"><span class='ocrx_word' id='word_1_218' title='bbox 226 1947 295 1974; x_wconf 77' lang='lat' dir='ltr'><strong>two</strong></span> <span class='ocrx_word' id='word_1_219' title='bbox 309 1953 346 1973; x_wconf 90' lang='lat' dir='ltr'><strong>or</strong></span> <span class='ocrx_word' id='word_1_220' title='bbox 361 1953 454 1973; x_wconf 86' lang='lat' dir='ltr'><strong>more</strong></span> <span class='ocrx_word' id='word_1_221' title='bbox 469 1946 590 1973; x_wconf 71' lang='lat' dir='ltr'><strong>streete</strong></span> <span class='ocrx_word' id='word_1_222' title='bbox 606 1941 749 1973; x_wconf 77' lang='lat' dir='ltr'><strong>crossed.</strong></span> 
     </span>
     <span class='ocr_line' id='line_1_34' title="bbox 268 1984 780 2026; baseline -0.002 -9"><span class='ocrx_word' id='word_1_223' title='bbox 268 1984 282 2003; x_wconf 76' lang='lat'><strong><em>⁴</em></strong></span> <span class='ocrx_word' id='word_1_224' title='bbox 304 1985 413 2017; x_wconf 77' lang='lat' dir='ltr'><strong>These</strong></span> <span class='ocrx_word' id='word_1_225' title='bbox 430 1995 515 2016; x_wconf 77' lang='lat' dir='ltr'><strong>were</strong></span> <span class='ocrx_word' id='word_1_226' title='bbox 533 1984 658 2016; x_wconf 88' lang='lat' dir='ltr'><strong>double</strong></span> <span class='ocrx_word' id='word_1_227' title='bbox 674 1988 780 2026; x_wconf 70' lang='lat' dir='ltr'><strong>gates.</strong></span> 
     </span>
    </p>
   </div>
   <div class='ocr_carea' id='block_1_6' title="bbox 231 2042 277 2078">
    <p class='ocr_par' dir='ltr' id='par_1_7' title="bbox 231 2042 277 2078">
     <span class='ocr_line' id='line_1_35' title="bbox 231 2042 277 2078; baseline 0 -12"><span class='ocrx_word' id='word_1_228' title='bbox 231 2042 277 2078; x_wconf 85' lang='grc'><strong>50</strong></span> 
     </span>
    </p>
   </div>
  </div>
 </body>
</html>
