1515 2351
148 373 191 401 54

149 823 190 854 55

147 1664 190 1694 56

418 131 609 170 PLINY:
662 133 927 170 NATURAL
965 132 1201 171 HISTORY

217 242 361 274 vocant
393 237 559 280 Tabim3
602 249 675 274 nec
709 242 806 274 ante
836 236 1044 274 dimidiam
1074 236 1201 274 ferme
1232 237 1405 288 longitu-

217 301 352 338 dinem
391 304 474 338 eius
511 315 605 338 orae
641 314 746 351 quae
781 307 940 351 spectat
976 304 1172 338 aestivom
1208 304 1405 339 orientem

218 364 469 402 inhabitatur
507 364 576 402 illa
619 368 741 415 regio.
796 367 912 416 primi
954 371 1047 403 sunt
1089 365 1296 403 hominum
1339 369 1404 417 qui

218 428 436 466 vocantur1
466 429 596 475 Seres,
623 430 766 467 lanicio
796 429 985 467 silvarum
1015 429 1182 475 nobiles,
1203 430 1406 480 perfusam

217 507 323 544 aqua
346 494 612 544 depectentes
636 494 837 531 frondium
861 497 1066 538 canitiem,
1090 495 1197 532 unde
1222 497 1406 545 geminus

217 558 375 596 feminis
400 562 543 596 nostris
567 559 679 596 labos
704 558 958 596 redordiendi
984 559 1050 596 fila
1073 573 1288 610 rursusque
1318 565 1407 598 tex-

218 623 333 660 endi:
365 629 451 660 tam
481 623 692 674 multiplici
722 637 858 673 opere,
876 629 962 661 tam
985 623 1204 675 longinquo
1223 624 1320 662 orbe
1338 637 1407 675 pe-

216 691 317 725 titur
343 694 388 725 ut
415 691 455 725 in
481 688 640 738 publico
668 694 852 725 matrona
877 688 1090 726 traluceat..
1145 687 1261 726 Seres
1288 691 1406 727 mites

218 753 395 803 quidem,
420 753 491 790 sed
517 759 559 790 et
585 755 658 802 ipsi
684 752 777 790 feris
802 752 950 790 similes
975 759 1137 790 coetum
1163 753 1406 804 reliquorum

218 817 447 854 mortalium
469 817 644 868 fugiunt,
665 820 904 855 commercia
927 823 1179 867 exspectant.
1234 820 1406 868 primum

218 895 356 919 eorum
372 885 548 919 noscitur
564 882 713 919 flumen
731 881 948 926 Psitharas,
963 885 1190 932 proximum
1205 882 1406 927 Cambari,

217 949 384 984 tertium
415 946 560 991 Lanos,
590 960 613 983 a
643 960 721 997 quo
750 949 1073 998 promunturium
1103 946 1270 998 Chryse,
1297 950 1406 985 sinus

217 1011 404 1056 Cirnaba,
420 1011 569 1049 flumen
590 1012 774 1055 Atianos,
794 1014 902 1049 sinus
923 1017 965 1049 et
985 1025 1084 1062 gens
1105 1010 1311 1049 hominum
1332 1011 1406 1050 At-

216 1077 474 1120 tacorarum‚²
510 1078 652 1126 apricis
683 1076 734 1113 ab
768 1078 876 1113 omni
911 1078 1031 1113 noxio
1065 1076 1220 1113 adflatu
1253 1076 1406 1115 seclusa

216 1139 395 1185 collibus,
425 1141 568 1178 eadem
601 1155 680 1191 qua
713 1141 966 1191 Hyperborei
999 1140 1154 1191 degunt
1185 1144 1406 1192 temperie3

216 1205 269 1242 de
297 1207 343 1242 iis
374 1208 560 1255 privatim
591 1205 769 1242 condidit
802 1205 989 1242 volumen
1020 1205 1273 1250 Amometus,
1303 1208 1406 1244 sicut

218 1269 448 1307 Hecataeus
492 1270 543 1308 de
588 1270 873 1321 Hyperboreis.
930 1270 980 1307 ab
1024 1270 1230 1308 Attacoris
1272 1273 1405 1322 gentis

216 1334 346 1372 Thuni
366 1341 407 1372 et
428 1336 580 1378 Focari,
600 1341 655 1379 et,
673 1337 753 1372 iam
775 1335 980 1379 Indorum,
999 1334 1124 1372 Casiri
1143 1337 1335 1373 introrsus
1354 1335 1406 1372 ad

216 1399 386 1450 Scythas
417 1399 756 1437 versi—humanis
785 1399 1015 1449 corporibus
1046 1405 1282 1443 vescuntur;
1327 1399 1406 1438 No-

216 1464 355 1502 mades
396 1478 555 1516 quoque
598 1464 738 1501 Indiae
780 1469 978 1515 vagantur
1018 1463 1106 1501 huc.
1162 1463 1314 1515 aliqui³
1354 1465 1405 1502 ab

217 1529 403 1580 aquilone
441 1531 619 1580 contingi
659 1529 710 1565 ab
750 1531 843 1579 ipsis
887 1534 928 1566 et
979 1528 1146 1566 Ciconas
1185 1528 1325 1566 dixere
1363 1535 1406 1566 et

217 1593 404 1631 Brisaros.

267 1657 378 1695 XXI.
408 1657 488 1696 Sed
523 1658 628 1696 unde
663 1658 784 1709 plane
817 1663 1004 1696 constent
1037 1663 1196 1709 gentes,
1231 1657 1404 1696 Hemodi

334 1745 346 1764 ¹
372 1743 427 1776 VJ.
445 1749 641 1776 noscantur.

330 1787 343 1806 ²
366 1787 636 1819 Attacorarum?
667 1787 818 1820 Brotier:
850 1787 1065 1819 Attacorum.

332 1832 345 1851 ¹
367 1831 444 1863 huc.
464 1831 595 1872 aliqui?
628 1831 804 1872 Alayhoss:
836 1831 915 1862 huic
933 1832 986 1862 cui
1004 1833 1100 1871 (sunt
1119 1831 1176 1871 qui
1193 1830 1292 1870 edd).

261 1921 274 1935 ⁶
297 1916 369 1948 The
391 1917 574 1948 substance
596 1916 741 1948 referred
764 1920 811 1954 to,
835 1916 966 1957 though
988 1915 1151 1948 confused
1174 1915 1257 1947 with
1277 1915 1353 1954 silk,
1376 1915 1403 1946 is

217 1960 386 2034 pgpbffligly
413 1964 532 1991 cotton
559 1960 659 1991 made
686 1961 760 1991 into
785 1959 893 1991 ealico
920 1970 957 1991 or
984 1958 1118 1990 muslin.
1166 1958 1233 1990 For
1257 1958 1322 1989 silk
1349 1968 1404 1990 see

215 2065 288 2113 378
