1515 2351
138 1309 180 1341 96

410 130 538 169 PLIN
542 132 577 169 Y
591 145 600 170 z
653 133 917 170 NATURAL
954 133 1192 172 HISTORY

208 237 545 286 transgressisque
573 235 744 286 Ripaeos
767 241 924 273 montes
951 236 1044 274 litus
1070 239 1208 274 occani
1231 243 1392 288 septen-

208 289 386 326 trionalis
406 291 444 325 in
460 289 584 333 laeva,
599 289 726 326 donec
740 292 996 340 perveniatur
1011 290 1148 334 Gadis,
1162 290 1391 341 legendum.

210 342 360 379 insulae
392 342 615 392 complures
637 345 722 379 sine
745 344 970 380 nominibus
993 356 1041 380 eo
1063 346 1143 380 situ
1165 344 1392 389 traduntur,

211 409 260 432 ex
288 397 431 446 quibus
457 401 552 433 ante
577 395 782 446 Scythiam
809 409 912 446 quae
938 396 1163 447 appellatur
1188 397 1393 434 Baunonia

210 462 328 485 unam
369 450 509 486 abesse
547 449 628 486 diei
665 463 794 493 cursu,
832 452 872 486 in
911 463 1031 499 quam
1070 453 1171 487 veris
1209 456 1392 502 tempore

210 502 394 539 fluctibus
422 502 615 540 electrum
643 505 822 547 eiciatur,
848 503 1034 541 Timaeus
1060 503 1250 554 prodidit.
1304 504 1393 541 reli-

207 569 286 606 qua
327 555 443 593 litora
482 558 636 592 incerta
675 559 834 607 signata
868 556 985 593 fama.
1040 556 1391 607 septentrionalisl

207 622 401 646 oceanus:
458 608 710 646 Amalchium
751 623 841 646 eum
885 610 1112 647 Hecataeus
1153 610 1329 661 appellat
1368 624 1392 648 a

210 661 452 713 Parapaniso
473 676 605 707 amne,
627 676 707 713 qua
728 662 931 713 Scythiam
954 663 1095 708 adluit,
1117 665 1223 713 quod
1245 677 1391 701 nomen

211 718 295 753 eius
321 718 454 767 gentis
480 716 615 767 lingua
641 716 838 767 significat
864 716 1143 766 congelatum3
1184 715 1391 754 Philemon

210 769 517 806 Morimarusam
551 783 574 806 a
608 770 776 806 Cimbris
810 773 953 814 vocari,
987 769 1060 807 hoc
1094 776 1156 807 est
1189 777 1390 808 mortuum

207 823 452 867 mare,'inde
482 836 607 873 usque
636 823 687 860 ad
716 826 1035 873 promunturium
1065 823 1258 869 Rusbeas,
1287 824 1392 862 ultra

206 876 354 914 deinde
385 876 584 913 Cronium.
640 876 864 927 Xenophon
896 876 1191 927 Lampsacenus
1222 891 1245 914 a
1273 877 1390 915 litore

208 929 446 980 Scytharum
465 930 585 967 tridui
612 933 867 981 navigatione
893 930 1061 968 insulam
1080 944 1166 968 esse
1184 934 1389 968 inmensae

206 984 492 1034 magnitudinis
553 983 730 1020 Balciam
787 984 926 1028 tradit,
989 984 1159 1021 eandem
1215 983 1390 1035 Pytheas

204 1037 389 1073 Basiliam
416 1039 608 1074 nominat.
663 1037 846 1074 feruntur
867 1043 909 1074 et
935 1037 1100 1074 Oconae
1129 1040 1168 1074 in
1195 1040 1282 1088 quis
1308 1041 1389 1075 ovis

206 1093 337 1127 avium
359 1096 401 1128 et
421 1093 556 1127 avenis
571 1090 723 1127 incolae
740 1093 888 1135 vivant,
902 1090 1003 1127 aliae
1019 1093 1060 1128 in
1076 1092 1219 1141 quibus
1235 1094 1390 1142 equinis

237 1144 377 1181 edibus
414 1143 594 1181 homines
629 1150 843 1181 nascantur
885 1144 1144 1195 Hippopodes
1185 1144 1390 1195 appellati,

208 1158 498 1234 ganotiorunst
533 1197 634 1234 aliae
668 1200 708 1234 in
741 1198 883 1248 quibus
913 1197 1020 1234 nuda
1045 1197 1191 1248 alioqui
1222 1211 1388 1249 corpora

204 1251 477 1302 praegrandes
494 1253 668 1301 ipsorum
687 1264 802 1288 aures
819 1257 908 1288 tota
923 1257 1156 1302 contegant.

258 1305 402 1355 Incipit
432 1305 580 1342 deinde
610 1304 752 1342 clarior
779 1306 924 1355 aperiri
954 1304 1061 1341 fama
1090 1305 1140 1341 ab
1170 1310 1294 1355 gente
1326 1304 1390 1341 In-

206 1371 432 1406 guaeonum
477 1371 580 1408 quae
625 1364 687 1395 cst
729 1360 858 1408 prima
901 1361 940 1394 in
985 1358 1212 1395 Germania.
1277 1371 1390 1396 mons

205 1412 332 1449 Saevo
351 1413 404 1448 ibi
424 1414 626 1448 inmensus
645 1425 720 1449 nec
741 1412 900 1462 Ripaeis
919 1414 1021 1461 iugis
1041 1414 1170 1448 minor
1187 1414 1390 1449 inmanem

205 1465 255 1502 ad
291 1465 541 1502 Cimbrorum
577 1478 702 1515 usque
737 1468 1058 1516 promunturium
1092 1465 1213 1502 efficit
1245 1467 1390 1510 sinum,

205 1521 271 1569 qui
306 1518 490 1556 Codanus
514 1525 678 1556 vocatur
701 1518 873 1555 refertus
910 1518 1044 1555 insulis
1069 1532 1236 1568 quarum
1259 1518 1390 1555 claris-

205 1574 305 1609 sima
333 1578 393 1609 cst
420 1571 658 1617 Scatinavia‚
686 1574 944 1622 inconpertae
972 1571 1274 1622 magnitudinis,
1300 1585 1390 1623 por-

239 1674 268 1736 (1
299 1675 352 1706 Vel
391 1674 531 1706 incerta.
562 1675 697 1715 signata
727 1674 821 1705 fama
855 1673 1134 1715 septentrionalis
1159 1697 1167 1706 .
1193 1697 1202 1706 .
1228 1697 1237 1706 .
1260 1673 1316 1706 aad
1345 1673 1387 1715 cs.

211 1718 225 1757 ἐ
240 1718 280 1780 ³²0
290 1722 388 1801 ἕιέἷιίιιῖς
400 1771 439 1792 ez
451 1759 580 1792 Isidoro
595 1759 855 1801 (Phanesiorum
867 1759 929 1790 alii
942 1769 959 1791 e
972 1758 1100 1799 Selino)
1116 1770 1124 1791 :
1151 1758 1370 1790 fancsiorum.

430 1927 445 1942 ‘¹
467 1923 530 1955 See
546 1932 579 1963 p.
602 1923 674 1959 176,
693 1925 773 1953 note
789 1933 820 1955 a.

425 1966 438 1985 ⁶
462 1965 683 2006 Presumably
704 1966 762 1996 the
783 1965 908 1996 islands
928 1965 964 1995 of
983 1965 1041 1995 tho
1062 1963 1184 1997 Baltio.

426 2013 437 2029 ⁶
460 2008 678 2050 licligoland,
697 2019 735 2039 or
750 2008 899 2050 perhaps
917 2006 1116 2039 Bornholm.

211 2082 276 2119 192
