1515 2351
387 122 578 161 PLINY:
629 123 895 162 NATURAL
932 122 1170 161 HISTORY

182 229 295 280 degit
308 241 318 273 ;
371 231 412 266 in
449 231 675 265 universum
712 233 856 278 gent&
893 227 1131 272 ditissimae,
1181 233 1226 265 ut
1265 228 1372 277 apud

184 315 282 352 quas
337 303 540 337 maximae
591 313 686 350 opes
726 300 999 337 Romanorum
1049 298 1372 351 Parthorumque

183 373 406 417 subsidant,
421 372 688 410 vendentibus
706 386 811 424 quae
827 386 850 410 e
866 375 966 409 mari
979 378 1049 409 aut
1065 372 1172 409 silvis
1188 373 1371 421 capiunt,

185 445 281 482 nihil
300 449 469 483 invicem
491 445 793 483 redimentibus.

106 523 165 554 163
235 518 430 555 XXXIII.
461 518 496 554 N
500 531 575 555 unc
594 518 789 568 reliquam
807 531 918 555 oram
937 517 1114 554 Arabiae
1131 520 1371 555 contrariam

182 604 480 642 persequemur.
535 590 814 628 Timosthenes
838 596 972 627 totum
997 593 1129 627 sinum
1155 589 1367 640 quadridui

183 666 440 714 navigatione
462 666 502 700 in
525 663 819 714 longitudinem
841 665 1014 706 taxavit,
1037 662 1147 699 bidui
1171 665 1212 699 in
1234 662 1372 700 latitu-

182 737 332 781 dinem,
358 739 564 787 angustias
595 736 652 772 ΓΠ
686 735 740 773 nl
773 749 826 786 p.,
858 733 1148 772 Eratosthenes
1187 735 1238 771 ab
1269 737 1372 772 ostio

187 817 264 859 [Χιη
284 812 323 846 in
339 822 543 859 quamque
558 815 716 859 partem
731 821 739 853 ;
764 808 1042 846 Artemidorus
1055 808 1232 845 Arabiae
1244 807 1373 845 latere

106 886 166 917 164
189 882 291 931 ῇῑὟἮΙ
311 893 344 924 L,
382 881 651 932 Trogodytico
667 895 760 919 vero
783 880 844 931 jx—il
870 881 1008 915 m
1027 893 1052 917 D
1067 893 1104 930 p.
1123 880 1373 917 Ptolomaida

183 966 331 1004 usque;
365 953 546 1004 Agrippa
569 954 677 1004 ΙῐῧιΤ]
701 966 807 990 nxu
829 955 913 990 sine
934 951 1161 990 differentia
1185 953 1371 990 laterum.

182 1027 364 1077 plerique
385 1026 643 1064 latitudinem
663 1036 851 1061 ccccnxxv
872 1025 1147 1075 prodiderunt,
1166 1025 1372 1076 faucisque

182 1098 348 1136 hiberno
365 1101 508 1136 orienti
526 1099 712 1136 obversas
730 1097 797 1133 alii
815 1097 868 1142 ff,
884 1097 951 1134 alii
969 1099 1041 1142 νΤι,
1058 1098 1123 1134 alii
1142 1098 1198 1135 ᾗ
1216 1104 1370 1148 patere.

105 1175 167 1206 165
237 1170 344 1209 Situs
368 1178 505 1209 autem
529 1174 586 1208 ita
610 1184 653 1208 se
676 1169 823 1207 habet:
853 1183 876 1206 a
899 1173 988 1208 sinu
1012 1170 1247 1208 Laeanitico
1270 1170 1373 1208 alter

183 1247 290 1281 sinus
327 1258 446 1295 quem
482 1244 637 1281 Arabes
673 1244 790 1280 Aean
824 1249 983 1287 vocant,
1018 1246 1058 1280 in
1094 1256 1173 1294 quo
1208 1243 1371 1281 Heroon

183 1317 374 1367 oppidum
398 1323 471 1354 est.
527 1316 603 1354 fuit
627 1322 669 1354 et
693 1315 898 1366 Cambysu
920 1318 1026 1353 inter
1050 1315 1171 1353 Nelos
1195 1322 1237 1353 et
1263 1315 1371 1353 Mar-

181 1388 330 1427 chadas
369 1389 551 1427 deductis
591 1402 639 1426 eo
677 1390 808 1439 aegris
847 1391 1060 1426 exercitus.
1114 1401 1214 1439 gens
1251 1389 1370 1440 Tyro,

183 1462 355 1499 Daneon
367 1462 523 1506 Portus,
537 1475 585 1499 ex
603 1475 682 1512 quo
699 1461 968 1511 navigabilem
981 1461 1138 1498 alveum
1151 1461 1370 1511 perducere

183 1538 223 1571 in
246 1535 379 1572 Nilum
403 1548 481 1586 qua
502 1540 619 1585 parte
641 1534 691 1571 ad
716 1533 838 1571 Delta
860 1533 1013 1570 dictum
1035 1533 1224 1578 decurrit,
1245 1535 1323 1569 {iffi
1347 1547 1372 1571 D

182 1607 408 1652 intervallo,
451 1607 558 1658 quod
601 1609 706 1644 inter
749 1606 899 1643 flumen
943 1612 985 1643 et
1030 1606 1208 1643 Rubrum
1255 1605 1371 1644 Mare

182 1682 364 1724 interest,
409 1683 558 1730 primus
605 1682 782 1716 omnium
835 1678 1024 1716 Sesostris
1071 1679 1250 1729 Aegypti
1297 1690 1367 1715 rex

182 1755 389 1804 cogitavit,
411 1766 503 1789 mox
528 1753 673 1789 Darius
697 1751 921 1795 Persarum,
943 1751 1090 1789 deinde
1113 1750 1369 1789 Ptolemaeus

318 1861 330 1880 ¹
354 1860 519 1892 Numeros
535 1860 571 1890 in
587 1860 618 1900 ξς
635 1859 694 1890 163
711 1870 757 1899 sq.
775 1859 862 1890 varie
877 1858 1010 1890 tradunt
1025 1857 1115 1890 codd.
1131 1862 1160 1890 ιι
1174 1858 1245 1891 edd.

338 1984 349 1997 ³
374 1978 599 2020 Presumably
616 1989 635 2010 a
653 1978 722 2012 MS.
742 1988 834 2011 error
851 1977 903 2010 for
921 1981 928 1993 ¹
941 1977 1035 2019 forty
1050 1977 1070 2013 '.

179 2042 251 2090 460
