1515 2351
127 581 188 611 150

127 1074 184 1104 161

412 164 579 203 PLINY
595 180 603 203 :
655 166 920 204 NATURAL
957 166 1194 205 HISTORY

209 269 341 319 palam
359 269 480 313 facta,
496 269 807 307 contumeliosus
826 272 995 320 privigm'
1016 269 1184 307 Neronis
1201 282 1392 315 secessus,

209 331 318 367 aliud
345 333 385 366 in
412 336 534 380 nepte
563 330 820 374 adulterium,
849 333 983 368 iuncta
1010 330 1156 368 deinde
1183 336 1246 368 tot
1272 331 1392 376 mala,

210 394 341 441 inopia
358 391 547 441 stipendi,
564 392 731 429 rebellio
752 392 912 442 Illyrici,
929 395 1180 429 servitiorum
1198 391 1392 437 delectus,

210 455 428 490 iuventutis
458 456 640 503 penuria,
669 453 901 503 pestilentia
931 453 1052 498 urbis,
1082 453 1206 490 fames
1237 453 1392 498 Italiae,

210 514 427 551 destinatio
454 514 661 564 expirandi
689 520 731 552 et
758 514 967 565 quadridui
994 514 1126 552 media
1153 518 1277 552 maior
1301 528 1391 564 pars

213 579 351 612 mortis
376 579 415 612 in
440 589 582 625 corpus
608 582 794 625 recepta;
823 579 936 613 iuxta
954 575 1053 613 haec
1072 576 1243 613 Variana
1258 576 1391 613 clades

211 644 251 674 et
268 641 489 674 maiestatis
506 641 588 674 eius
604 636 724 675 foeda
738 638 984 688 suggillatio,
999 638 1198 675 abdicatio
1215 637 1390 675 Postumi

211 700 415 749 Agrippae
442 705 532 749 post
558 699 830 749 adoptionem,
856 699 1098 736 desiderium
1125 705 1215 749 post
1239 699 1392 750 relega-

209 764 375 805 tionem,
393 761 485 798 inde
501 764 671 811 suspicio
689 764 728 797 in
747 761 912 797 Fabium
931 774 1245 811 arcanorumque
1262 761 1392 811 prodi-

209 825 376 866 tionem,
401 821 491 859 hinc
518 825 651 859 uxoris
678 828 720 860 et
745 822 778 859 T
781 823 879 859 iberi
904 825 1183 873 cogitationes,
1206 835 1392 872 suprema

210 887 293 920 eius
328 897 434 921 cura.
489 887 528 920 in
563 897 719 920 summa
753 884 851 921 deus
887 884 953 920 ille
988 883 1224 934 caelumque
1260 887 1392 921 nescio

210 945 380 995 adeptus
417 948 543 995 magis
581 958 632 982 an
667 948 835 983 meritus
872 945 1021 983 herede
1058 945 1181 982 hostis
1216 948 1275 982 sui
1313 945 1392 983 filio

210 1010 392 1044 excessit.

259 1069 403 1106 XLVI.
426 1068 607 1106 Subeunt
621 1072 659 1105 in
673 1068 746 1106 hac
758 1072 1012 1118 reputatione
1028 1068 1223 1119 Delphica
1234 1069 1392 1106 oracula

211 1130 319 1167 velut
333 1130 383 1167 ad
398 1130 672 1181 castigandam
686 1130 891 1167 hominum
908 1133 1126 1168 vanitatem
1142 1130 1219 1167 deo
1235 1133 1389 1168 emissa.

209 1191 288 1228 duo
308 1198 401 1229 sunt
423 1191 543 1229 haec:
581 1191 748 1229 Pedium
770 1191 1058 1235 felicissimum,
1080 1195 1146 1242 qui
1168 1205 1241 1242 pro
1262 1194 1392 1242 patria

209 1257 390 1303 proxime
428 1253 702 1297 occubuisset;
756 1257 902 1290 iterum
942 1267 965 1290 a
1005 1253 1121 1303 Gyge
1162 1266 1256 1304 rege
1296 1259 1391 1290 tunc

209 1315 451 1365 amplissimo
492 1321 693 1352 terrarum
734 1313 992 1359 consultum,¹
1029 1315 1201 1364 Aglaum
1232 1314 1392 1365 Psophi-

209 1376 318 1413 dium
353 1390 439 1414 esse
472 1376 704 1414 feliciorem.
761 1380 894 1413 senior
931 1376 993 1414 hic
1034 1379 1073 1413 in
1113 1379 1391 1427 angustissimo

209 1438 406 1475 Arcadiae
437 1438 584 1488 angulo
614 1451 780 1488 parvum
810 1438 882 1475 sed
911 1441 1051 1474 annuis
1084 1438 1252 1475 victibus
1281 1437 1391 1488 large

208 1500 403 1537 sufficiens
421 1499 631 1549 praedium
647 1499 822 1543 colebat,
839 1513 1057 1549 numquam
1076 1513 1125 1536 ex
1143 1512 1191 1536 eo
1209 1512 1390 1549 egressus

209 1566 346 1611 atque,
378 1567 422 1598 ut
455 1575 476 1599 e
508 1564 614 1598 vitae
644 1574 795 1611 genere
827 1560 1086 1598 manifestum
1118 1566 1195 1605 est,
1226 1563 1391 1598 minima

209 1623 393 1672 cupidine
413 1625 621 1660 minimum
640 1625 679 1659 in
698 1626 779 1660 vita
797 1623 890 1659 mali
910 1629 1114 1672 expertus.

658 1714 669 1733 ²
696 1712 749 1745 VJ.
767 1713 924 1745 consulti.

253 1855 267 1869 ⁸
289 1849 443 1881 Tiberius
458 1849 620 1881 Claudius
637 1848 738 1885 Nero,
756 1848 956 1881 afterwards
974 1849 1032 1880 the
1053 1859 1209 1889 emperor
1224 1848 1389 1886 Tiberius.

211 1903 272 1923 son
288 1893 327 1924 os
342 1893 437 1924 Livia
454 1892 498 1933 by
513 1892 571 1923 her
588 1891 661 1922 first
677 1893 842 1933 marriage
859 1891 927 1923 and
939 1902 976 1923 so
989 1897 1127 1932 stepson
1144 1891 1183 1922 of
1195 1890 1247 1922 Au
1295 1894 1388 1928 stum

211 1935 277 1966 and
297 1936 338 1966 lie
351 1935 420 1966 also
436 1935 574 1966 became
590 1935 642 1966 his
657 1935 849 1966 son-in-law
867 1934 910 1975 by
928 1935 1101 1975 marrying
1116 1934 1139 1966 J
1143 1933 1210 1965 ulia
1225 1944 1245 1965 a
1263 1938 1315 1966 ter
1332 1934 1389 1966 the

211 1978 314 2009 death
342 1979 381 2009 of
408 1977 570 2019 Agrippa.
618 1977 671 2009 He
702 1977 791 2009 lived
819 1978 854 2009 in
885 1978 1083 2009 retirement
1109 1981 1147 2007 at
1177 1976 1311 2008 Rhodes
1336 1977 1390 2009 for

211 2032 314 2053 seven
328 2031 438 2061 years.

212 2081 284 2119 606
