1515 2351
137 511 179 542 36

139 1417 180 1448 37

410 122 539 161 PLIN
542 123 577 160 Y
593 136 602 161 z
654 122 919 161 NATURAL
955 122 1191 160 HISTORY

206 232 374 277 gentem
407 225 697 264 Phazaniorum
729 226 929 276 urbesque
961 225 1106 263 Alelen
1136 231 1180 263 et
1211 225 1392 264 Cillibam

206 297 453 346 subegimus,
475 298 575 333 item
599 295 825 346 Cydamum
849 308 870 332 e
893 297 1058 346 regione
1081 294 1288 333 Sabratae.
1343 296 1393 333 ab

207 364 266 402 his
285 379 398 402 mons
416 365 536 415 longo
554 367 685 416 spatio
702 367 743 401 in
760 377 946 402 occasum
964 365 1015 402 ab
1033 370 1125 402 ortu
1140 364 1275 403 tendit
1291 366 1394 403 Ater

206 437 350 472 nostris
392 435 523 472 dictus
564 448 588 471 a
629 440 788 479 natura,
829 434 974 472 adusto
1014 434 1150 472 similis
1191 440 1263 472 aut
1303 434 1394 472 solis

206 517 442 555 repercussu
457 517 637 542 accenso.
692 503 797 541 ultra
812 517 904 541 eum
919 503 1095 549 deserta,
1108 518 1201 541 mox
1215 503 1394 555 Thelgae

207 574 399 624 oppidum
421 573 729 619 Garamantum,
749 576 930 623 itemque
953 573 1099 611 Debris
1120 573 1261 611 adfuso
1281 573 1394 612 fonte

206 657 230 680 a
260 644 394 681 medio
424 643 490 680 die
522 644 573 681 ad
604 643 780 681 mediam
811 649 973 680 noctem
1004 645 1116 693 aquis
1147 642 1394 681 ferventibus

205 713 460 763 totidemque
510 712 615 750 horis
664 713 715 749 ad
764 713 942 749 medium
991 712 1099 749 diem
1158 713 1395 764 rigentibus,

207 782 550 833 clarissimumque
577 782 751 820 Garama
775 787 897 833 caput
923 781 1237 819 Garamantum:
1262 785 1395 819 omnia

209 854 327 890 armis
345 852 534 889 Romanis
552 858 741 903 superata
759 858 801 889 et
819 865 841 888 a
859 851 1043 888 Cornelio
1059 851 1184 889 Balbo
1201 851 1396 902 triumph-

208 928 291 966 ata,
311 924 378 958 uni
408 921 523 958 huicl
549 924 728 959 omnium
749 927 918 958 externo
938 921 1076 958 curru²
1106 927 1149 958 et
1177 921 1395 968 Quiritium

207 995 292 1028 iure
313 991 485 1029 donato:
522 993 671 1042 quippe
694 990 874 1028 Gadibus
895 993 1035 1042 genito
1055 993 1194 1028 ciw‘tas
1216 991 1396 1028 Romana

207 1075 297 1098 cum
322 1061 448 1099 Balbo
473 1063 623 1098 maiore
649 1066 794 1112 patruo
819 1060 916 1098 data
942 1066 1015 1098 est.
1071 1066 1114 1098 et
1138 1059 1212 1098 hoc
1237 1063 1395 1105 mirum,

207 1145 326 1182 supra
363 1131 471 1168 dicta
508 1130 656 1182 oppida
693 1131 743 1168 ab
781 1144 829 1167 eo
865 1136 984 1181 capta
1021 1137 1204 1168 auctores
1241 1137 1395 1168 nostros

207 1201 443 1252 prodidisse,
468 1203 599 1252 ipsum
622 1203 663 1238 in
688 1199 893 1251 triumpho
916 1206 1080 1251 praeter
1103 1200 1329 1252 Cydamum
1354 1207 1396 1238 et

208 1271 425 1308 Garamam
476 1273 654 1308 omnium
705 1270 872 1308 aliarum
921 1273 1107 1321 gentium
1157 1271 1395 1321 urbiumque

208 1343 369 1378 nomina
394 1354 439 1378 ac
464 1340 674 1378 simulacra
699 1340 875 1385 duxisse,
900 1353 1004 1390 quae
1029 1342 1111 1377 iere
1136 1339 1210 1377 hoc
1235 1340 1395 1378 ordine:

206 1411 432 1448 Tabudium
465 1410 672 1461 oppidum,
705 1410 854 1447 Niteris
886 1413 1011 1454 natio,
1044 1409 1181 1461 Milgis
1213 1409 1394 1447 Gemella

207 1481 414 1531 oppidum,
440 1480 639 1517 Bubeium
666 1482 777 1516 natio
804 1479 866 1516 vel
893 1479 1099 1530 oppidum,
1128 1479 1245 1530 Enipi
1273 1482 1396 1524 natio,

206 1549 377 1587 Thuben
413 1550 619 1600 oppidum,
656 1562 769 1586 mons
806 1551 967 1586 nomine
1005 1548 1143 1599 Niger,
1180 1549 1396 1593 Nitibrum,

209 1620 341 1670 Rapsa
363 1619 524 1670 oppida,
546 1619 708 1657 Viscera
730 1622 854 1664 natio,
877 1619 997 1656 Decri
1019 1619 1225 1669 oppidum,
1248 1618 1395 1656 flumen

208 1689 433 1734 Nathabur,
481 1688 739 1740 Thapsagum
787 1688 994 1739 oppidum,
1042 1688 1223 1739 Tamiagi
1272 1690 1396 1733 natio,

208 1759 307 1796 Boin
349 1759 555 1810 oppidum,
599 1757 706 1810 Pege
749 1758 956 1809 oppidum,
997 1757 1146 1795 flumen
1190 1758 1396 1802 Dasibari;

208 1842 302 1866 mox
319 1828 467 1879 oppida
481 1831 672 1865 continua
688 1828 898 1872 Baracum,
913 1827 1084 1872 Buluba,
1100 1827 1245 1872 Alasit,
1261 1827 1396 1873 Galsa,

260 1911 273 1931 ¹
297 1911 475 1943 Hardouin
490 1923 497 1942 :
524 1911 634 1942 unius.

213 1997 242 2028 Γ
258 1956 271 1975 ²
284 1953 352 2029 kz.
366 1965 465 2037 c31rru
479 1959 621 1985 externo
633 1954 790 1996 (form-sse
801 1964 902 1985 curru
913 1954 972 1985 uni
984 1953 1062 1985 huic
1079 1954 1234 1985 omnium
1251 1957 1395 1985 externo

231 2009 281 2030 tac
297 2010 303 2015 ¹
348 2009 383 2030 m
399 2021 408 2030 0

212 2066 280 2098 244
