1515 2351
150 546 191 576 99

137 1054 198 1083 101»

138 1781 195 1812 101

420 145 588 183 PLINY
603 159 612 183 z
664 146 930 185 NATURAL
966 146 1204 185 HISTORY

217 248 384 286 Romano
420 248 633 286 restituisset
667 262 712 286 ex
747 248 842 286 Asia
876 248 993 286 Ponto
1029 249 1205 287 Armenia
1239 249 1404 301 Paphla-

213 322 328 372 gonia
355 321 592 373 Cappadocia
618 321 749 360 Cilicia
772 321 884 374 Syria
907 321 1052 374 Scythis
1075 322 1226 360 Iudaeis
1250 321 1405 360 Albanis

217 394 373 432 Hiberia
403 394 526 432 insula
561 395 669 434 Creta
699 394 894 433 Basternis
924 401 957 432 et
989 409 1098 447 super
1129 396 1218 432 haec
1247 395 1292 433 de
1322 409 1406 447 rege

218 467 440 504 Mithridate
460 473 568 519 alque
595 467 757 518 Tigrane
777 467 1024 519 triumphavit.

267 540 431 577 Summa
460 554 706 577 summarum
735 543 776 577 in
804 540 870 577 illa
898 540 1024 592 gloria
1053 540 1130 578 fuit
1159 541 1221 591 (ut
1251 543 1336 591 ipse
1365 543 1406 578 in

218 616 407 651 concione
434 613 538 651 dixit
563 627 655 650 eum
681 613 732 651 de
759 614 878 651 rebus
904 616 984 650 suis
1010 613 1242 663 dissereret)
1269 614 1407 651 Asiam

219 686 402 723 ultimam
422 689 715 736 provinciarum
736 688 936 737 accepisse
959 686 1212 736 eandemque
1232 686 1408 724 mediam

217 762 372 810 patriae
401 759 636 796 reddidisse.
691 761 723 796 si
751 761 839 809 quis
868 772 890 796 e
918 762 1117 796 contrario
1145 758 1262 796 simili
1289 759 1408 797 modo

219 831 315 869 velit
334 844 572 882 percensere
593 831 775 869 Caesaris
794 844 872 876 res,
892 833 960 881 qui
979 834 1105 868 maior
1123 831 1189 868 illo
1209 833 1410 881 apparuit,

219 909 351 940 totum
392 902 573 954 profecto
613 909 813 940 terrarum
854 903 992 940 orbem
1034 908 1260 947 enumeret,
1302 902 1409 953 quod

219 976 419 1013 infinitum
445 989 530 1012 esse
555 978 780 1013 conveniet.

275 1048 445 1085 XXVII.
468 1047 624 1085 Ceteris
645 1050 839 1084 virtutum
860 1047 1076 1098 generibus
1096 1049 1204 1084 varie
1228 1052 1271 1084 et
1295 1046 1411 1084 multi

219 1120 331 1157 fuere
352 1126 620 1171 praestantes.
675 1119 777 1157 Cato
800 1122 951 1170 primus
979 1117 1142 1157 Porciae
1168 1121 1302 1170 gentis
1327 1124 1410 1156 tres

219 1206 394 1230 summas
403 1195 443 1230 in
450 1192 612 1230 homine
625 1206 688 1229 res
701 1194 951 1242 praestitisse
966 1194 1235 1236 existimatur,
1244 1197 1290 1229 ut
1303 1197 1412 1230 esset

219 1268 395 1317 optimus
417 1271 564 1310 orator,
585 1268 761 1316 optimus
783 1267 1016 1315 imperator,
1037 1266 1213 1315 optimus
1235 1270 1410 1310 senator,

221 1351 324 1388 quae
346 1337 443 1375 mihi
466 1340 613 1382 omnia,
636 1339 794 1374 etiamsi
816 1349 895 1373 non
917 1339 1040 1387 prius,
1063 1342 1247 1373 attamen
1268 1335 1411 1374 clarius

221 1410 375 1448 fulsisse
418 1413 460 1448 in
501 1410 685 1461 Scipione
729 1409 955 1447 Aemiliano
998 1408 1200 1454 videntur,
1243 1408 1410 1460 dempto

221 1490 434 1535 praeterea
479 1483 741 1534 plurimorum
787 1482 879 1520 odio
926 1495 1005 1533 quo
1053 1481 1154 1519 Cato
1201 1481 1409 1520 laboravit.

222 1560 360 1608 itaque
390 1559 442 1594 sit
470 1559 675 1607 proprium
705 1555 868 1592 Catonis
899 1560 1043 1605 quater
1072 1560 1115 1592 et
1144 1554 1413 1606 quadragiens

221 1643 384 1667 causam
411 1630 573 1674 dixisse,
601 1642 675 1666 nec
703 1641 949 1679 quemquam
976 1630 1135 1678 saepius
1163 1627 1411 1678 postulatum

222 1709 264 1740 et
284 1716 444 1754 semper
464 1702 704 1739 absolutum.

274 1775 466 1813 XXVIII.
484 1775 694 1812 Fortitudo
707 1777 747 1811 in
760 1788 838 1825 quo
851 1776 1025 1811 maxime
1040 1771 1246 1811 extiteritl
1259 1775 1413 1810 inmen-

222 1862 290 1886 sae
311 1851 556 1899 quaestionis
577 1853 653 1893 est,
673 1850 814 1898 utique
835 1849 867 1884 si
887 1849 1047 1897 poetica
1066 1848 1283 1896 recipiatur
1298 1844 1411 1883 fabu—

222 1921 370 1959 lositas.
425 1921 475 1968 Q.
491 1921 643 1958 Ennius
656 1920 701 1957 Τ.
717 1919 935 1957 Caecilium
948 1919 1148 1956 Teucrum
1161 1917 1409 1969 fratremque

506 2007 517 2026 ¹
542 2007 703 2038 enituerit
729 2009 741 2037 Τ
759 2006 813 2047 (cs.
831 2007 844 2045 ξ
863 2007 937 2044 123)
956 2004 1117 2046 Illayhoff.

223 2080 294 2118 570
