1515 2351
143 1252 185 1283 45

415 126 606 166 PLINY:
658 128 922 166 NATURAL
959 127 1198 166 HISTORY

212 231 395 283 Nigritae
408 245 431 268 a
443 245 522 281 quo
533 231 686 269 dictum
699 237 760 269 est
773 231 951 276 flumine,
963 231 1189 282 Gymnetes
1202 230 1397 278 Pharusii,

211 303 291 338 iam
317 314 512 338 oceanum
538 304 788 352 attingentes
816 314 914 352 quos
940 303 981 338 in
1009 300 1294 340 Mauretaniae
1321 302 1400 340 fine

212 371 385 408 diximus
411 369 578 408 Perorsi.
634 371 685 408 ab
709 370 769 408 his
795 372 978 408 omnibus
1003 377 1141 409 vastae
1166 371 1401 410 solitudines

212 443 410 478 orientem
428 453 564 478 versus
584 454 709 491 usque
729 440 780 478 ad
801 440 1068 478 Garamantas
1088 441 1336 492 Augilasque
1358 448 1402 480 et

212 509 478 561 Trogodytas,
509 513 714 547 verissima
745 512 932 560 opinione
964 523 1102 548 eorum
1133 513 1200 561 qui
1231 510 1402 549 desertis

213 579 373 617 Africae
396 579 495 617 duas
518 578 755 630 Aethiopias
777 585 1068 630 superponunt,
1090 585 1133 617 et
1155 586 1250 618 ante
1273 583 1402 618 omnis

215 649 382 686 Homeri
404 652 471 699 qui
493 650 706 700 bipertitos
727 649 853 687 tradit
874 648 1111 700 Aethiopas,
1133 649 1184 687 ad
1204 652 1402 688 orientem

212 732 478 769 occasumque
497 732 643 756 versos.

264 788 377 839 Nigri
397 787 516 825 fluvio
536 788 681 826 eadem
701 794 847 826 natura
868 801 972 839 quae
993 788 1106 833 Nilo;
1139 788 1337 826 calamum
1357 803 1402 827 ac

212 866 410 904 papyrum
452 859 494 890 ct
535 853 699 890 easdem
739 855 870 904 gignit
911 855 1137 891 animantes
1178 853 1402 905 iisdemque

212 918 462 968 temporibus
481 920 674 968 augescit.
729 920 856 954 oritur
873 920 979 955 inter
995 917 1217 955 Tarraelios
1235 917 1403 956 Aethio-

213 1000 284 1038 pas
311 993 353 1025 et
379 986 636 1031 Oechalicas3
676 986 818 1024 horum
844 987 1037 1038 oppidum
1066 987 1262 1038 Magium.
1318 990 1404 1038 qui-

213 1051 308 1089 dam
343 1051 624 1090 solitudinibus
661 1054 990 1103 interposuerunt
1026 1052 1216 1089 Atlantas
1253 1065 1403 1103 eosque

213 1119 327 1154 iuxta
346 1117 577 1168 Aegipanas
597 1116 804 1154 semiferos
825 1122 867 1154 et
885 1116 1116 1167 Blemmyas
1136 1122 1178 1154 et
1199 1115 1404 1168 Gampha-

213 1187 349 1219 santas
369 1187 412 1219 et
430 1181 594 1232 Satyros
614 1187 656 1219 et
676 1181 1009 1232 Himantopodas.

266 1246 456 1284 Atlantes
471 1246 695 1298 degeneres
712 1252 805 1284 sunt
822 1245 986 1283 humani
1002 1248 1116 1291 ritus,
1133 1248 1165 1284 si
1180 1246 1403 1291 credimus;

215 1324 308 1348 nam
334 1324 466 1362 neque
494 1313 701 1348 nominum
727 1311 897 1348 ullorum
923 1313 1029 1348 inter
1054 1313 1158 1361 ipsos
1185 1310 1403 1362 appellatio

214 1382 290 1420 est,
323 1382 365 1414 et
397 1375 522 1413 solem
555 1378 752 1413 orientem
785 1375 1117 1426 occidentemque
1152 1375 1238 1413 dira
1270 1377 1402 1427 inpre-

213 1443 372 1478 catione
389 1447 634 1478 contuentur
652 1446 697 1478 ut
715 1440 921 1478 exitialem
939 1442 1032 1491 ipsis
1051 1442 1252 1491 agrisque,
1269 1453 1402 1491 neque

214 1507 254 1542 in
271 1519 410 1543 somno
427 1508 561 1543 visunt
579 1505 711 1556 qualia
728 1505 870 1555 reliqui
887 1504 1089 1542 mortales.
1144 1504 1402 1556 Trogodytae

214 1583 356 1620 specus
379 1576 599 1614 excavant3
635 1569 711 1607 hae
733 1569 807 1607 illis
828 1569 984 1614 domus,
1006 1571 1132 1607 victus
1153 1571 1403 1620 serpentium

213 1647 366 1680 carnes,
401 1634 642 1685 stridorque,
676 1648 755 1671 non
790 1648 865 1671 vox
883 1648 891 1672 :
934 1634 1037 1671 adeo
1070 1636 1263 1672 sermonis
1296 1647 1403 1672 com·

214 1702 361 1737 mercio
379 1705 530 1737 carent.
587 1699 854 1736 Garamantes
875 1701 1220 1736 matrimoniorum
1240 1704 1402 1737 exortes

213 1767 361 1815 passim
378 1778 469 1802 cum
487 1763 645 1802 feminis
662 1763 830 1815 degunt.
886 1763 1058 1814 Augilae
1076 1762 1223 1800 inferos
1241 1769 1402 1801 tantum

253 1923 266 1943 ⁶
290 1880 461 1956 Ιζέάἑεῐῇἓῗ
478 1881 605 1956 {ertain
622 1923 700 1956 that
716 1922 785 1955 this
801 1924 828 1955 is
845 1922 903 1955 tho
919 1924 1007 1955 river
1029 1933 1106 1955 now
1121 1922 1246 1954 known
1270 1922 1316 1965 by
1331 1920 1400 1955 this

212 1978 415 2043 na‘mIeI'erod
432 2009 492 2041 IV.
512 2010 572 2042 183
588 2008 753 2050 τετρίγασι
772 2008 854 2041 κατά
870 2021 930 2050 περ
946 2007 980 2040 αἱ
995 2007 1187 2050 νυκτερίδες.

217 2084 289 2122 250
