<?xml version="1.0" encoding="UTF-8"?>
<!DOCTYPE html PUBLIC "-//W3C//DTD XHTML 1.0 Transitional//EN"
    "http://www.w3.org/TR/xhtml1/DTD/xhtml1-transitional.dtd">
<html xmlns="http://www.w3.org/1999/xhtml" xml:lang="en" lang="en">
 <head>
  <title>
</title>
<meta http-equiv="Content-Type" content="text/html;charset=utf-8" />
  <meta name='ocr-system' content='tesseract 3.04.00' />
  <meta name='ocr-capabilities' content='ocr_page ocr_carea ocr_par ocr_line ocrx_word'/>
</head>
<body>
  <div class='ocr_page' id='page_1' title='image "./naturalhistory02plinuoft/naturalhistory02plinuoft_0524.png"; bbox 0 0 1515 2351; ppageno 0'>
   <div class='ocr_carea' id='block_1_1' title="bbox 429 135 1211 174">
    <p class='ocr_par' dir='ltr' id='par_1_1' title="bbox 429 135 1211 174">
     <span class='ocr_line' id='line_1_1' title="bbox 429 135 1211 174; baseline 0 -1"><span class='ocrx_word' id='word_1_1' title='bbox 429 135 554 174; x_wconf 76' lang='lat' dir='ltr'>PLIN</span> <span class='ocrx_word' id='word_1_2' title='bbox 564 137 596 173; x_wconf 85' lang='lat' dir='ltr'>Y</span> <span class='ocrx_word' id='word_1_3' title='bbox 611 150 618 173; x_wconf 91' lang='lat'><strong>:</strong></span> <span class='ocrx_word' id='word_1_4' title='bbox 671 136 935 174; x_wconf 83' lang='lat' dir='ltr'><strong>NATURAL</strong></span> <span class='ocrx_word' id='word_1_5' title='bbox 973 135 1211 174; x_wconf 90' lang='lat' dir='ltr'>HISTORY</span> 
     </span>
    </p>
   </div>
   <div class='ocr_carea' id='block_1_2' title="bbox 186 239 1455 1833">
    <p class='ocr_par' dir='ltr' id='par_1_2' title="bbox 186 239 1455 1833">
     <span class='ocr_line' id='line_1_2' title="bbox 225 239 1410 291; baseline -0.001 -14"><span class='ocrx_word' id='word_1_6' title='bbox 225 243 330 278; x_wconf 89' lang='lat' dir='ltr'>inter</span> <span class='ocrx_word' id='word_1_7' title='bbox 375 253 444 277; x_wconf 94' lang='lat' dir='ltr'>nos</span> <span class='ocrx_word' id='word_1_8' title='bbox 489 242 648 291; x_wconf 85' lang='lat' dir='ltr'>genitas</span> <span class='ocrx_word' id='word_1_9' title='bbox 693 239 849 276; x_wconf 86' lang='lat' dir='ltr'>vincula</span> <span class='ocrx_word' id='word_1_10' title='bbox 894 242 1101 290; x_wconf 83' lang='lat' dir='ltr'>excipiunt</span> <span class='ocrx_word' id='word_1_11' title='bbox 1146 245 1189 277; x_wconf 86' lang='lat' dir='ltr'>et</span> <span class='ocrx_word' id='word_1_12' title='bbox 1232 243 1410 277; x_wconf 88' lang='lat' dir='ltr'>omnium</span> 
     </span>
     <span class='ocr_line' id='line_1_3' title="bbox 224 303 1411 354; baseline 0 -13"><span class='ocrx_word' id='word_1_13' title='bbox 224 305 495 342; x_wconf 89' lang='lat' dir='ltr'>membrorum</span> <span class='ocrx_word' id='word_1_14' title='bbox 539 315 688 347; x_wconf 83' lang='lat' dir='ltr'>nexus;</span> <span class='ocrx_word' id='word_1_15' title='bbox 745 306 884 354; x_wconf 89' lang='lat' dir='ltr'>itaque</span> <span class='ocrx_word' id='word_1_16' title='bbox 928 303 1099 341; x_wconf 79' lang='lat' dir='ltr'>feliciter</span> <span class='ocrx_word' id='word_1_17' title='bbox 1142 309 1260 341; x_wconf 90' lang='lat' dir='ltr'>natus</span> <span class='ocrx_word' id='word_1_18' title='bbox 1304 306 1411 342; x_wconf 85' lang='lat' dir='ltr'>iacet</span> 
     </span>
     <span class='ocr_line' id='line_1_4' title="bbox 224 367 1411 418; baseline 0 -13"><span class='ocrx_word' id='word_1_19' title='bbox 224 370 407 405; x_wconf 87' lang='lat' dir='ltr'>manibus</span> <span class='ocrx_word' id='word_1_20' title='bbox 438 368 689 418; x_wconf 79' lang='lat' dir='ltr'>pedibusque</span> <span class='ocrx_word' id='word_1_21' title='bbox 720 368 915 405; x_wconf 76' lang='lat' dir='ltr'><strong>devinctis</strong></span> <span class='ocrx_word' id='word_1_22' title='bbox 946 367 1059 413; x_wconf 89' lang='lat' dir='ltr'>flens,</span> <span class='ocrx_word' id='word_1_23' title='bbox 1089 367 1236 404; x_wconf 87' lang='lat' dir='ltr'>animal</span> <span class='ocrx_word' id='word_1_24' title='bbox 1266 371 1411 406; x_wconf 88' lang='lat' dir='ltr'>ceteris</span> 
     </span>
     <span class='ocr_line' id='line_1_5' title="bbox 224 432 1412 483; baseline 0 -14"><span class='ocrx_word' id='word_1_25' title='bbox 224 435 530 483; x_wconf 87' lang='lat' dir='ltr'>imperaturum,</span> <span class='ocrx_word' id='word_1_26' title='bbox 553 438 596 469; x_wconf 85' lang='lat' dir='ltr'>et</span> <span class='ocrx_word' id='word_1_27' title='bbox 620 446 643 469; x_wconf 91' lang='lat' dir='ltr'>a</span> <span class='ocrx_word' id='word_1_28' title='bbox 665 432 867 483; x_wconf 84' lang='lat' dir='ltr'>suppliciis</span> <span class='ocrx_word' id='word_1_29' title='bbox 891 434 1015 469; x_wconf 87' lang='lat' dir='ltr'>vitam</span> <span class='ocrx_word' id='word_1_30' title='bbox 1039 434 1268 482; x_wconf 83' lang='lat' dir='ltr'>auspicatur</span> <span class='ocrx_word' id='word_1_31' title='bbox 1291 446 1412 469; x_wconf 90' lang='lat' dir='ltr'>unam</span> 
     </span>
     <span class='ocr_line' id='line_1_6' title="bbox 224 495 1411 547; baseline 0 -14"><span class='ocrx_word' id='word_1_32' title='bbox 224 503 386 533; x_wconf 85' lang='lat' dir='ltr'>tantum</span> <span class='ocrx_word' id='word_1_33' title='bbox 407 498 458 533; x_wconf 93' lang='lat' dir='ltr'>ob</span> <span class='ocrx_word' id='word_1_34' title='bbox 478 496 651 547; x_wconf 84' lang='lat' dir='ltr'>culpam,</span> <span class='ocrx_word' id='word_1_35' title='bbox 667 499 761 547; x_wconf 87' lang='lat' dir='ltr'>quia</span> <span class='ocrx_word' id='word_1_36' title='bbox 781 502 922 533; x_wconf 86' lang='lat' dir='ltr'>natum</span> <span class='ocrx_word' id='word_1_37' title='bbox 939 502 1013 533; x_wconf 84' lang='lat' dir='ltr'>est.</span> <span class='ocrx_word' id='word_1_38' title='bbox 1067 495 1148 533; x_wconf 91' lang='lat' dir='ltr'>heu</span> <span class='ocrx_word' id='word_1_39' title='bbox 1163 496 1411 534; x_wconf 89' lang='lat' dir='ltr'>dementiam</span> 
     </span>
     <span class='ocr_line' id='line_1_7' title="bbox 225 560 1411 612; baseline 0 -14"><span class='ocrx_word' id='word_1_40' title='bbox 225 562 276 598; x_wconf 87' lang='lat' dir='ltr'>ab</span> <span class='ocrx_word' id='word_1_41' title='bbox 295 560 354 597; x_wconf 85' lang='lat' dir='ltr'>his</span> <span class='ocrx_word' id='word_1_42' title='bbox 374 563 496 597; x_wconf 89' lang='lat' dir='ltr'>initiis</span> <span class='ocrx_word' id='word_1_43' title='bbox 516 563 834 598; x_wconf 78' lang='lat' dir='ltr'>existimantium</span> <span class='ocrx_word' id='word_1_44' title='bbox 854 560 905 597; x_wconf 89' lang='lat' dir='ltr'>ad</span> <span class='ocrx_word' id='word_1_45' title='bbox 923 561 1152 611; x_wconf 78' lang='lat' dir='ltr'>superbiam</span> <span class='ocrx_word' id='word_1_46' title='bbox 1170 574 1212 598; x_wconf 89' lang='lat' dir='ltr'>se</span> <span class='ocrx_word' id='word_1_47' title='bbox 1231 561 1411 612; x_wconf 85' lang='lat' dir='ltr'>genitos!</span> 
     </span>
     <span class='ocr_line' id='line_1_8' title="bbox 186 624 1413 676; baseline 0.001 -15"><span class='ocrx_word' id='word_1_48' title='bbox 186 633 206 661; x_wconf 81' lang='lat'>4</span> <span class='ocrx_word' id='word_1_49' title='bbox 279 624 411 662; x_wconf 82' lang='lat' dir='ltr'>Prima</span> <span class='ocrx_word' id='word_1_50' title='bbox 446 626 595 662; x_wconf 84' lang='lat' dir='ltr'>roboris</span> <span class='ocrx_word' id='word_1_51' title='bbox 630 638 720 676; x_wconf 88' lang='lat' dir='ltr'>spes</span> <span class='ocrx_word' id='word_1_52' title='bbox 755 627 1008 675; x_wconf 88' lang='lat' dir='ltr'>primumque</span> <span class='ocrx_word' id='word_1_53' title='bbox 1042 627 1234 675; x_wconf 89' lang='lat' dir='ltr'>temporis</span> <span class='ocrx_word' id='word_1_54' title='bbox 1268 638 1413 663; x_wconf 89' lang='lat' dir='ltr'>munus</span> 
     </span>
     <span class='ocr_line' id='line_1_9' title="bbox 224 687 1411 740; baseline 0.001 -14"><span class='ocrx_word' id='word_1_55' title='bbox 224 689 462 740; x_wconf 81' lang='lat' dir='ltr'>quadripedi</span> <span class='ocrx_word' id='word_1_56' title='bbox 488 689 658 726; x_wconf 82' lang='lat' dir='ltr'>similem</span> <span class='ocrx_word' id='word_1_57' title='bbox 685 688 794 726; x_wconf 89' lang='lat' dir='ltr'>facit.</span> <span class='ocrx_word' id='word_1_58' title='bbox 849 689 1010 740; x_wconf 82' lang='lat' dir='ltr'>quando</span> <span class='ocrx_word' id='word_1_59' title='bbox 1036 687 1186 726; x_wconf 89' lang='lat' dir='ltr'>homini</span> <span class='ocrx_word' id='word_1_60' title='bbox 1214 690 1411 727; x_wconf 88' lang='lat' dir='ltr'>incessus!</span> 
     </span>
     <span class='ocr_line' id='line_1_10' title="bbox 225 753 1411 804; baseline 0 -13"><span class='ocrx_word' id='word_1_61' title='bbox 225 754 385 804; x_wconf 86' lang='lat' dir='ltr'>quando</span> <span class='ocrx_word' id='word_1_62' title='bbox 418 754 515 791; x_wconf 82' lang='lat' dir='ltr'>vox!</span> <span class='ocrx_word' id='word_1_63' title='bbox 563 753 724 804; x_wconf 88' lang='lat' dir='ltr'>quando</span> <span class='ocrx_word' id='word_1_64' title='bbox 757 753 915 790; x_wconf 89' lang='lat' dir='ltr'>firmum</span> <span class='ocrx_word' id='word_1_65' title='bbox 946 754 1043 790; x_wconf 91' lang='lat' dir='ltr'>cibis</span> <span class='ocrx_word' id='word_1_66' title='bbox 1076 753 1140 791; x_wconf 87' lang='lat' dir='ltr'>os!</span> <span class='ocrx_word' id='word_1_67' title='bbox 1188 767 1310 804; x_wconf 88' lang='lat' dir='ltr'>quam</span> <span class='ocrx_word' id='word_1_68' title='bbox 1342 753 1411 792; x_wconf 94' lang='lat' dir='ltr'>diu</span> 
     </span>
     <span class='ocr_line' id='line_1_11' title="bbox 224 818 1411 869; baseline 0.001 -15"><span class='ocrx_word' id='word_1_69' title='bbox 224 818 424 869; x_wconf 83' lang='lat' dir='ltr'>palpitans</span> <span class='ocrx_word' id='word_1_70' title='bbox 467 823 622 863; x_wconf 84' lang='lat' dir='ltr'>vertex,</span> <span class='ocrx_word' id='word_1_71' title='bbox 664 831 845 855; x_wconf 91' lang='lat' dir='ltr'>summae</span> <span class='ocrx_word' id='word_1_72' title='bbox 887 820 994 855; x_wconf 88' lang='lat' dir='ltr'>inter</span> <span class='ocrx_word' id='word_1_73' title='bbox 1035 823 1181 855; x_wconf 87' lang='lat' dir='ltr'>cuncta</span> <span class='ocrx_word' id='word_1_74' title='bbox 1223 818 1411 855; x_wconf 82' lang='lat' dir='ltr'>animalia</span> 
     </span>
     <span class='ocr_line' id='line_1_12' title="bbox 224 882 1411 933; baseline 0 -13"><span class='ocrx_word' id='word_1_75' title='bbox 224 883 496 920; x_wconf 85' lang='lat' dir='ltr'>inbecillitatis</span> <span class='ocrx_word' id='word_1_76' title='bbox 518 882 730 919; x_wconf 87' lang='lat' dir='ltr'>indicium!</span> <span class='ocrx_word' id='word_1_77' title='bbox 763 884 843 919; x_wconf 88' lang='lat' dir='ltr'>iam</span> <span class='ocrx_word' id='word_1_78' title='bbox 863 882 1004 927; x_wconf 86' lang='lat' dir='ltr'>morbi,</span> <span class='ocrx_word' id='word_1_79' title='bbox 1022 888 1166 933; x_wconf 88' lang='lat' dir='ltr'>totque</span> <span class='ocrx_word' id='word_1_80' title='bbox 1186 882 1411 920; x_wconf 85' lang='lat' dir='ltr'>medicinae</span> 
     </span>
     <span class='ocr_line' id='line_1_13' title="bbox 223 945 1411 997; baseline 0.001 -14"><span class='ocrx_word' id='word_1_81' title='bbox 223 953 363 984; x_wconf 85' lang='lat' dir='ltr'>contra</span> <span class='ocrx_word' id='word_1_82' title='bbox 399 946 505 984; x_wconf 88' lang='lat' dir='ltr'>mala</span> <span class='ocrx_word' id='word_1_83' title='bbox 541 949 812 997; x_wconf 82' lang='lat' dir='ltr'>excogitatae,</span> <span class='ocrx_word' id='word_1_84' title='bbox 849 952 892 984; x_wconf 88' lang='lat' dir='ltr'>et</span> <span class='ocrx_word' id='word_1_85' title='bbox 928 945 1004 983; x_wconf 91' lang='lat' dir='ltr'>hae</span> <span class='ocrx_word' id='word_1_86' title='bbox 1042 959 1202 997; x_wconf 87' lang='lat' dir='ltr'>quoque</span> <span class='ocrx_word' id='word_1_87' title='bbox 1240 946 1411 984; x_wconf 90' lang='lat' dir='ltr'>subinde</span> 
     </span>
     <span class='ocr_line' id='line_1_14' title="bbox 225 1008 1414 1054; baseline 0.001 -9"><span class='ocrx_word' id='word_1_88' title='bbox 225 1010 469 1046; x_wconf 77' lang='lat' dir='ltr'>novitatibus</span> <span class='ocrx_word' id='word_1_89' title='bbox 492 1008 642 1046; x_wconf 80' lang='lat' dir='ltr'>victae!</span> <span class='ocrx_word' id='word_1_90' title='bbox 681 1014 723 1045; x_wconf 91' lang='lat' dir='ltr'>et</span> <span class='ocrx_word' id='word_1_91' title='bbox 744 1013 881 1045; x_wconf 86' lang='lat' dir='ltr'>cetera</span> <span class='ocrx_word' id='word_1_92' title='bbox 903 1010 1051 1045; x_wconf 87' lang='lat' dir='ltr'>sentire</span> <span class='ocrx_word' id='word_1_93' title='bbox 1075 1014 1261 1045; x_wconf 84' lang='lat' dir='ltr'>naturam</span> <span class='ocrx_word' id='word_1_94' title='bbox 1283 1021 1414 1054; x_wconf 76' lang='lat' dir='ltr'>suam,</span> 
     </span>
     <span class='ocr_line' id='line_1_15' title="bbox 224 1072 1410 1124; baseline 0 -14"><span class='ocrx_word' id='word_1_95' title='bbox 224 1073 300 1110; x_wconf 88' lang='lat' dir='ltr'>alia</span> <span class='ocrx_word' id='word_1_96' title='bbox 332 1076 615 1124; x_wconf 84' lang='lat' dir='ltr'>pernicitatem</span> <span class='ocrx_word' id='word_1_97' title='bbox 648 1086 854 1124; x_wconf 79' lang='lat' dir='ltr'>usurpare,</span> <span class='ocrx_word' id='word_1_98' title='bbox 886 1072 962 1109; x_wconf 86' lang='lat' dir='ltr'>alia</span> <span class='ocrx_word' id='word_1_99' title='bbox 994 1078 1208 1123; x_wconf 82' lang='lat' dir='ltr'>praepetes</span> <span class='ocrx_word' id='word_1_100' title='bbox 1241 1073 1410 1118; x_wconf 86' lang='lat' dir='ltr'>volatus,</span> 
     </span>
     <span class='ocr_line' id='line_1_16' title="bbox 225 1136 1411 1182; baseline 0 -8"><span class='ocrx_word' id='word_1_101' title='bbox 225 1138 302 1175; x_wconf 86' lang='lat' dir='ltr'>alia</span> <span class='ocrx_word' id='word_1_102' title='bbox 329 1151 447 1175; x_wconf 90' lang='lat' dir='ltr'>nare:</span> <span class='ocrx_word' id='word_1_103' title='bbox 489 1137 693 1174; x_wconf 89' lang='lat' dir='ltr'>hominem</span> <span class='ocrx_word' id='word_1_104' title='bbox 724 1136 821 1174; x_wconf 87' lang='lat' dir='ltr'>nihil</span> <span class='ocrx_word' id='word_1_105' title='bbox 858 1139 957 1174; x_wconf 89' lang='lat' dir='ltr'>scire</span> <span class='ocrx_word' id='word_1_106' title='bbox 997 1139 1069 1174; x_wconf 89' lang='lat' dir='ltr'>nisi</span> <span class='ocrx_word' id='word_1_107' title='bbox 1109 1136 1304 1182; x_wconf 86' lang='lat' dir='ltr'>doctrina,</span> <span class='ocrx_word' id='word_1_108' title='bbox 1333 1150 1411 1175; x_wconf 90' lang='lat' dir='ltr'>non</span> 
     </span>
     <span class='ocr_line' id='line_1_17' title="bbox 225 1201 1413 1253; baseline 0 -14"><span class='ocrx_word' id='word_1_109' title='bbox 225 1202 314 1247; x_wconf 87' lang='lat' dir='ltr'>fari,</span> <span class='ocrx_word' id='word_1_110' title='bbox 343 1215 423 1239; x_wconf 92' lang='lat' dir='ltr'>non</span> <span class='ocrx_word' id='word_1_111' title='bbox 451 1202 623 1253; x_wconf 87' lang='lat' dir='ltr'>ingredi,</span> <span class='ocrx_word' id='word_1_112' title='bbox 652 1215 731 1238; x_wconf 92' lang='lat' dir='ltr'>non</span> <span class='ocrx_word' id='word_1_113' title='bbox 760 1204 881 1246; x_wconf 90' lang='lat' dir='ltr'>vesci,</span> <span class='ocrx_word' id='word_1_114' title='bbox 909 1202 1167 1252; x_wconf 81' lang='lat' dir='ltr'>breviterque</span> <span class='ocrx_word' id='word_1_115' title='bbox 1197 1215 1276 1238; x_wconf 92' lang='lat' dir='ltr'>non</span> <span class='ocrx_word' id='word_1_116' title='bbox 1306 1201 1413 1239; x_wconf 79' lang='lat' dir='ltr'>aliud</span> 
     </span>
     <span class='ocr_line' id='line_1_18' title="bbox 225 1265 1411 1317; baseline 0 -14"><span class='ocrx_word' id='word_1_117' title='bbox 225 1273 393 1304; x_wconf 86' lang='lat' dir='ltr'>naturae</span> <span class='ocrx_word' id='word_1_118' title='bbox 425 1272 569 1317; x_wconf 88' lang='lat' dir='ltr'>sponte</span> <span class='ocrx_word' id='word_1_119' title='bbox 601 1279 722 1317; x_wconf 87' lang='lat' dir='ltr'>quam</span> <span class='ocrx_word' id='word_1_120' title='bbox 754 1265 871 1303; x_wconf 87' lang='lat' dir='ltr'>flere!</span> <span class='ocrx_word' id='word_1_121' title='bbox 918 1268 1056 1316; x_wconf 86' lang='lat' dir='ltr'>itaque</span> <span class='ocrx_word' id='word_1_122' title='bbox 1088 1265 1203 1302; x_wconf 84' lang='lat' dir='ltr'>multi</span> <span class='ocrx_word' id='word_1_123' title='bbox 1235 1268 1411 1305; x_wconf 85' lang='lat' dir='ltr'>extitere</span> 
     </span>
     <span class='ocr_line' id='line_1_19' title="bbox 224 1329 1412 1382; baseline -0.001 -14"><span class='ocrx_word' id='word_1_124' title='bbox 224 1334 291 1382; x_wconf 91' lang='lat' dir='ltr'>qui</span> <span class='ocrx_word' id='word_1_125' title='bbox 313 1344 393 1368; x_wconf 91' lang='lat' dir='ltr'>non</span> <span class='ocrx_word' id='word_1_126' title='bbox 414 1333 522 1368; x_wconf 89' lang='lat' dir='ltr'>nasci</span> <span class='ocrx_word' id='word_1_127' title='bbox 539 1333 736 1382; x_wconf 89' lang='lat' dir='ltr'>optimum</span> <span class='ocrx_word' id='word_1_128' title='bbox 752 1336 964 1367; x_wconf 84' lang='lat' dir='ltr'>censerent</span> <span class='ocrx_word' id='word_1_129' title='bbox 980 1329 1075 1367; x_wconf 76' lang='lat' dir='ltr'>autl</span> <span class='ocrx_word' id='word_1_130' title='bbox 1094 1343 1215 1380; x_wconf 89' lang='lat' dir='ltr'>quam</span> <span class='ocrx_word' id='word_1_131' title='bbox 1231 1332 1412 1367; x_wconf 87' lang='lat' dir='ltr'>ocissime</span> 
     </span>
     <span class='ocr_line' id='line_1_20' title="bbox 187 1393 1411 1439; baseline -0.002 -6"><span class='ocrx_word' id='word_1_132' title='bbox 187 1403 207 1432; x_wconf 90' lang='lat'>5</span> <span class='ocrx_word' id='word_1_133' title='bbox 227 1396 389 1433; x_wconf 84' lang='lat' dir='ltr'>aboleri.</span> <span class='ocrx_word' id='word_1_134' title='bbox 444 1398 511 1432; x_wconf 89' lang='lat' dir='ltr'>uni</span> <span class='ocrx_word' id='word_1_135' title='bbox 561 1397 824 1432; x_wconf 84' lang='lat' dir='ltr'>animantium</span> <span class='ocrx_word' id='word_1_136' title='bbox 874 1395 1003 1431; x_wconf 91' lang='lat' dir='ltr'>luctus</span> <span class='ocrx_word' id='word_1_137' title='bbox 1052 1400 1114 1432; x_wconf 84' lang='lat' dir='ltr'>est</span> <span class='ocrx_word' id='word_1_138' title='bbox 1162 1393 1296 1439; x_wconf 89' lang='lat' dir='ltr'>datus,</span> <span class='ocrx_word' id='word_1_139' title='bbox 1345 1397 1411 1432; x_wconf 89' lang='lat' dir='ltr'>uni</span> 
     </span>
     <span class='ocr_line' id='line_1_21' title="bbox 224 1458 1412 1510; baseline -0.001 -13"><span class='ocrx_word' id='word_1_140' title='bbox 224 1461 381 1497; x_wconf 80' lang='lat' dir='ltr'>luxuria</span> <span class='ocrx_word' id='word_1_141' title='bbox 418 1466 460 1497; x_wconf 86' lang='lat' dir='ltr'>et</span> <span class='ocrx_word' id='word_1_142' title='bbox 497 1460 661 1510; x_wconf 88' lang='lat' dir='ltr'>quidem</span> <span class='ocrx_word' id='word_1_143' title='bbox 698 1459 1053 1496; x_wconf 83' lang='lat' dir='ltr'>innumerabilibus</span> <span class='ocrx_word' id='word_1_144' title='bbox 1091 1458 1219 1496; x_wconf 90' lang='lat' dir='ltr'>modis</span> <span class='ocrx_word' id='word_1_145' title='bbox 1256 1472 1302 1496; x_wconf 86' lang='lat' dir='ltr'>ac</span> <span class='ocrx_word' id='word_1_146' title='bbox 1340 1472 1412 1509; x_wconf 88' lang='lat' dir='ltr'>per</span> 
     </span>
     <span class='ocr_line' id='line_1_22' title="bbox 224 1524 1410 1575; baseline -0.002 -14"><span class='ocrx_word' id='word_1_147' title='bbox 224 1525 381 1575; x_wconf 83' lang='lat' dir='ltr'>singula</span> <span class='ocrx_word' id='word_1_148' title='bbox 424 1525 619 1568; x_wconf 87' lang='lat' dir='ltr'>membra,</span> <span class='ocrx_word' id='word_1_149' title='bbox 663 1526 731 1561; x_wconf 90' lang='lat' dir='ltr'>uni</span> <span class='ocrx_word' id='word_1_150' title='bbox 776 1524 956 1568; x_wconf 86' lang='lat' dir='ltr'>ambitio,</span> <span class='ocrx_word' id='word_1_151' title='bbox 1002 1526 1069 1560; x_wconf 90' lang='lat' dir='ltr'>uni</span> <span class='ocrx_word' id='word_1_152' title='bbox 1116 1525 1298 1567; x_wconf 85' lang='lat' dir='ltr'>avaritia,</span> <span class='ocrx_word' id='word_1_153' title='bbox 1343 1525 1410 1560; x_wconf 89' lang='lat' dir='ltr'>uni</span> 
     </span>
     <span class='ocr_line' id='line_1_23' title="bbox 224 1586 1455 1638; baseline -0.001 -13"><span class='ocrx_word' id='word_1_154' title='bbox 224 1591 406 1626; x_wconf 88' lang='lat' dir='ltr'>inmensa</span> <span class='ocrx_word' id='word_1_155' title='bbox 434 1588 592 1625; x_wconf 86' lang='lat' dir='ltr'>vivendi</span> <span class='ocrx_word' id='word_1_156' title='bbox 621 1588 780 1638; x_wconf 88' lang='lat' dir='ltr'>cupido,</span> <span class='ocrx_word' id='word_1_157' title='bbox 810 1590 877 1624; x_wconf 91' lang='lat' dir='ltr'>uni</span> <span class='ocrx_word' id='word_1_158' title='bbox 907 1589 1153 1638; x_wconf 86' lang='lat' dir='ltr'>superstitio,</span> <span class='ocrx_word' id='word_1_159' title='bbox 1182 1589 1250 1624; x_wconf 88' lang='lat' dir='ltr'>uni</span> <span class='ocrx_word' id='word_1_160' title='bbox 1279 1587 1410 1638; x_wconf 85' lang='lat' dir='ltr'>sepul·</span> <span class='ocrx_word' id='word_1_161' title='bbox 1452 1586 1455 1589; x_wconf 73' lang='grc'><strong>’</strong></span> 
     </span>
     <span class='ocr_line' id='line_1_24' title="bbox 224 1650 1408 1703; baseline -0.002 -13"><span class='ocrx_word' id='word_1_162' title='bbox 224 1659 339 1690; x_wconf 84' lang='lat' dir='ltr'>turae</span> <span class='ocrx_word' id='word_1_163' title='bbox 373 1666 468 1690; x_wconf 87' lang='lat' dir='ltr'>cura</span> <span class='ocrx_word' id='word_1_164' title='bbox 503 1658 626 1703; x_wconf 88' lang='lat' dir='ltr'>atque</span> <span class='ocrx_word' id='word_1_165' title='bbox 662 1654 785 1689; x_wconf 84' lang='lat' dir='ltr'>etiam</span> <span class='ocrx_word' id='word_1_166' title='bbox 819 1657 911 1702; x_wconf 85' lang='lat' dir='ltr'>post</span> <span class='ocrx_word' id='word_1_167' title='bbox 945 1664 987 1688; x_wconf 92' lang='lat' dir='ltr'>se</span> <span class='ocrx_word' id='word_1_168' title='bbox 1022 1651 1073 1689; x_wconf 85' lang='lat' dir='ltr'>dc</span> <span class='ocrx_word' id='word_1_169' title='bbox 1108 1650 1256 1689; x_wconf 84' lang='lat' dir='ltr'>futuro.</span> <span class='ocrx_word' id='word_1_170' title='bbox 1312 1651 1408 1688; x_wconf 90' lang='lat' dir='ltr'>nulli</span> 
     </span>
     <span class='ocr_line' id='line_1_25' title="bbox 226 1715 1411 1768; baseline -0.002 -14"><span class='ocrx_word' id='word_1_171' title='bbox 226 1720 307 1755; x_wconf 83' lang='lat' dir='ltr'>vita</span> <span class='ocrx_word' id='word_1_172' title='bbox 328 1716 518 1768; x_wconf 82' lang='lat' dir='ltr'>fragilior,</span> <span class='ocrx_word' id='word_1_173' title='bbox 539 1716 635 1754; x_wconf 89' lang='lat' dir='ltr'>nulli</span> <span class='ocrx_word' id='word_1_174' title='bbox 657 1730 790 1754; x_wconf 91' lang='lat' dir='ltr'>rerum</span> <span class='ocrx_word' id='word_1_175' title='bbox 811 1718 989 1753; x_wconf 85' lang='lat' dir='ltr'>omnium</span> <span class='ocrx_word' id='word_1_176' title='bbox 1011 1715 1132 1753; x_wconf 89' lang='lat' dir='ltr'>libido</span> <span class='ocrx_word' id='word_1_177' title='bbox 1154 1718 1293 1760; x_wconf 88' lang='lat' dir='ltr'>maior,</span> <span class='ocrx_word' id='word_1_178' title='bbox 1315 1715 1411 1753; x_wconf 90' lang='lat' dir='ltr'>nulli</span> 
     </span>
     <span class='ocr_line' id='line_1_26' title="bbox 223 1780 1413 1833; baseline -0.002 -14"><span class='ocrx_word' id='word_1_179' title='bbox 223 1795 347 1833; x_wconf 85' lang='lat' dir='ltr'>pavor</span> <span class='ocrx_word' id='word_1_180' title='bbox 370 1781 583 1826; x_wconf 86' lang='lat' dir='ltr'>confusior,</span> <span class='ocrx_word' id='word_1_181' title='bbox 607 1781 703 1818; x_wconf 91' lang='lat' dir='ltr'>nulli</span> <span class='ocrx_word' id='word_1_182' title='bbox 728 1781 858 1817; x_wconf 88' lang='lat' dir='ltr'>rabies</span> <span class='ocrx_word' id='word_1_183' title='bbox 883 1783 1019 1817; x_wconf 88' lang='lat' dir='ltr'>acrior.</span> <span class='ocrx_word' id='word_1_184' title='bbox 1074 1780 1250 1830; x_wconf 89' lang='lat' dir='ltr'>denique</span> <span class='ocrx_word' id='word_1_185' title='bbox 1275 1785 1413 1818; x_wconf 84' lang='lat' dir='ltr'>cetera</span> 
     </span>
    </p>
   </div>
   <div class='ocr_carea' id='block_1_3' title="bbox 561 1865 1109 1909">
    <p class='ocr_par' dir='ltr' id='par_1_3' title="bbox 561 1865 1109 1909">
     <span class='ocr_line' id='line_1_27' title="bbox 561 1865 1109 1909; baseline -0.002 -11"><span class='ocrx_word' id='word_1_186' title='bbox 561 1867 572 1886; x_wconf 87' lang='lat'>¹</span> <span class='ocrx_word' id='word_1_187' title='bbox 596 1871 658 1898; x_wconf 78' lang='lat' dir='ltr'>aut</span> <span class='ocrx_word' id='word_1_188' title='bbox 677 1865 851 1909; x_wconf 78' lang='lat' dir='ltr'>(natum)</span> <span class='ocrx_word' id='word_1_189' title='bbox 870 1868 883 1897; x_wconf 69' lang='grc' dir='ltr'><strong>Τ</strong></span> <span class='ocrx_word' id='word_1_190' title='bbox 931 1865 1109 1898; x_wconf 71' lang='lat' dir='ltr'>Rackham.</span> 
     </span>
    </p>
   </div>
   <div class='ocr_carea' id='block_1_4' title="bbox 228 1995 946 2109">
    <p class='ocr_par' dir='ltr' id='par_1_4' title="bbox 228 1995 946 2109">
     <span class='ocr_line' id='line_1_28' title="bbox 665 1995 946 2028; baseline 0.007 -2"><span class='ocrx_word' id='word_1_191' title='bbox 665 2000 679 2014; x_wconf 81' lang='lat'><strong>⁰</strong></span> <span class='ocrx_word' id='word_1_192' title='bbox 703 1995 753 2027; x_wconf 86' lang='lat' dir='ltr'>Cf.</span> <span class='ocrx_word' id='word_1_193' title='bbox 772 1995 854 2027; x_wconf 87' lang='lat' dir='ltr'><strong>XII.</strong></span> <span class='ocrx_word' id='word_1_194' title='bbox 874 1996 946 2028; x_wconf 80' lang='lat'>104.</span> 
     </span>
     <span class='ocr_line' id='line_1_29' title="bbox 228 2063 297 2109; baseline 0 -12"><span class='ocrx_word' id='word_1_195' title='bbox 228 2063 297 2109; x_wconf 81' lang='lat'>508</span> 
     </span>
    </p>
   </div>
  </div>
 </body>
</html>
