1515 2351
131 438 171 468 77

133 1017 174 1046 78

135 1596 176 1626 79

398 135 588 174 PLINY:
640 136 906 174 NATURAL
943 135 1182 174 HISTORY

196 240 324 277 Taciti
373 242 519 290 equitis
558 239 725 276 Romani
766 239 952 289 Belgicae
1002 238 1157 276 Galliae
1205 240 1384 276 rationes

197 306 457 354 procurantiS.
523 304 767 352 ἐκτραπέλους
820 302 963 340 Graeci
1018 307 1163 339 vocant
1215 315 1298 347 eos,
1343 304 1385 339 in

199 368 316 405 Latio
335 381 414 405 non
432 367 585 404 habent
603 380 762 404 nomen.

250 432 380 470 XVII.
412 431 530 478 Quod
575 434 626 469 sit
670 430 820 468 homini
859 433 1034 482 spatium
1073 444 1096 467 a
1131 433 1300 481 vestigio
1335 429 1386 467 ad

198 499 390 534 verticem
428 496 468 533 id
507 509 594 533 esse
624 498 757 546 pansis
788 496 971 532 manibus
1001 498 1107 532 inter
1137 495 1385 545 longissimos

198 561 345 612 digitos
374 561 630 598 observatum
666 565 742 604 est,
770 562 887 596 sicuti
923 557 1055 596 vires1
1090 559 1236 596 dextra
1270 564 1385 610 parte

199 627 381 669 maiores,
417 624 656 675 quibusdam
683 637 832 674 aequas
870 629 1055 673 utraque,
1092 622 1232 673 aliquis
1273 622 1388 660 laeva

199 703 320 726 manu
343 691 591 740 praecipuas,
616 701 690 726 nec
717 687 758 725 id
784 701 975 738 umquam
1003 689 1043 724 in
1064 686 1236 731 feminis,
1257 699 1387 724 mares

200 760 405 804 praestare
438 753 630 804 pondere,
662 759 704 790 et
743 752 935 789 defuncta
966 752 1193 789 viventibus
1223 764 1388 802 corpora

199 821 376 855 omnium
421 818 667 862 animalium,
721 823 763 854 et
816 816 1057 854 dormientia
1117 815 1388 866 vigilantibus,

201 885 371 919 virorum
397 882 594 919 cadavera
619 884 762 932 supina
790 880 961 926 fluitare,
982 880 1222 918 feminarum
1249 892 1388 931 prona,

201 947 311 984 velut
332 947 471 997 pudori
495 945 779 983 defunctarum
801 951 995 996 parcente
1018 950 1175 982 natura.

248 1011 401 1049 XVIII.
436 1010 644 1048 Concretis
660 1009 855 1061 quosdam
873 1010 1027 1046 ossibus
1044 1022 1089 1046 ac
1104 1011 1189 1046 sine
1205 1007 1389 1046 medullis

202 1078 333 1113 vivere
370 1078 621 1126 accepimus3
667 1077 826 1126 signum
866 1086 1005 1111 eorum
1045 1086 1132 1111 esse
1168 1086 1242 1110 nec
1281 1075 1389 1110 sitim

200 1143 349 1178 sentire
364 1153 437 1177 nec
450 1139 637 1177 sudorem
651 1141 854 1183 emittere,
867 1151 1112 1189 quamquam
1126 1143 1169 1175 et
1180 1137 1388 1175 voluntate

200 1207 345 1242 scimus
379 1207 486 1241 sitim
514 1207 675 1248 victam,
703 1206 964 1254 equitemque
991 1202 1217 1239 Romanum
1244 1201 1389 1239 Iulium

201 1269 405 1306 Viatorem
423 1283 443 1306 e
468 1269 751 1306 Vocontiorum
767 1273 891 1318 gente
909 1267 1117 1304 foederata
1133 1269 1174 1303 in
1188 1265 1390 1317 pupillari-

201 1334 275 1370 bus
291 1336 403 1370 annis
417 1346 545 1384 aquae
560 1333 699 1370 subter
715 1338 851 1369 cutem
867 1331 978 1369 susae
993 1331 1131 1368 morbo
1145 1329 1390 1381 prohibitum

203 1411 340 1435 umore
359 1412 381 1434 a
397 1397 562 1435 medicis
579 1403 764 1434 naturam
787 1399 926 1433 vicisse
950 1394 1242 1433 consuetudine
1267 1400 1390 1444 atque

203 1465 242 1498 in
267 1468 473 1500 senectam
505 1464 678 1499 caruisse
708 1467 821 1511 potu.
877 1473 950 1497 nec
980 1472 1059 1497 non
1093 1465 1136 1496 et
1166 1458 1232 1495 alii
1261 1458 1390 1495 multa

202 1527 275 1563 sibi
302 1529 562 1577 imperavere.

250 1591 362 1628 XIX.
396 1591 546 1628 Ferunt
589 1590 775 1627 Crassum
817 1603 935 1626 avum
978 1588 1107 1626 Crassi
1155 1590 1195 1625 in
1234 1586 1390 1624 Parthis

204 1658 436 1706 interempti
486 1667 705 1705 numquam
759 1656 904 1698 risisse,
958 1654 1009 1690 ob
1061 1652 1101 1690 id
1152 1651 1391 1703 Agelastum

204 1725 405 1764 vocatum,
434 1722 550 1757 sicuti
578 1732 651 1756 nec
679 1718 793 1755 flesse
819 1717 980 1762 multos,
1002 1716 1210 1754 Socratem
1241 1715 1393 1753 clarum

203 1787 401 1834 sapientia
427 1783 571 1821 eodem
595 1795 754 1833 semper
782 1785 911 1819 visum
933 1781 1060 1826 vultu,
1082 1794 1156 1818 nec
1177 1786 1248 1817 aut
1268 1779 1393 1816 hilaro

204 1851 330 1899 magis
351 1854 422 1885 aut
438 1848 613 1885 turbato.
669 1849 754 1884 exit
769 1846 832 1883 hic
849 1849 968 1883 animi
987 1852 1104 1883 tenor
1120 1844 1335 1895 aliquando
1350 1846 1390 1880 in

569 1917 581 1937 ²
608 1915 663 1948 VJ.
681 1917 767 1948 vires
782 1915 1001 1957 quibusdam.

393 1988 407 2002 ⁸
430 1982 491 2014 I.e.
510 1981 590 2012 with
609 1982 665 2013 the
682 1992 773 2012 arms
789 1979 961 2012 stretched
980 1985 1040 2011 out
1056 1979 1234 2019 sideways.

394 2025 406 2044 ⁶
428 2026 499 2056 ῚῚιρ
517 2024 718 2058 ·trinmvir.‘
736 2024 810 2054 who
826 2023 882 2055 soll
900 2028 936 2054 at
952 2023 1098 2053 Carrhae
1114 2022 1156 2053 63
1175 2030 1239 2054 ino.

208 2072 279 2120 556
