1515 2351
125 242 165 271 :36

125 966 165 995 37

125 1402 165 1430 38

392 132 583 171 PLINY:
635 132 900 170 NATURAL
938 131 1175 169 HISTORY

243 236 309 272 IV.
332 236 392 272 Ex
414 235 571 272 feminis
591 238 739 272 mutari
760 238 800 272 in
821 247 950 271 mares
966 246 1046 270 non
1061 239 1124 271 est
1139 233 1377 271 fabulosum.

192 309 414 344 invenimus
442 310 481 343 in
511 306 719 344 annalibus
748 305 791 343 P.
822 306 974 343 Licinio
1003 305 1142 343 Crasso
1171 305 1215 343 C.
1245 305 1379 343 Cassio

193 379 375 430 Longino
403 393 501 417 coss.
533 379 665 417 Casini
694 392 862 429 puerum
886 378 1037 416 factum
1060 391 1110 416 ex
1132 381 1284 429 virgine
1305 378 1379 415 sub

191 453 439 502 parentibus,
461 454 650 502 iussuque
671 451 912 502 harispicum
933 451 1194 502 deportatum
1213 453 1254 487 in
1274 453 1379 487 insu-

192 524 271 561 lam
308 525 522 562 desertam.
580 524 754 561 Licinius
793 523 1005 560 Mucianus
1041 523 1218 574 prodidit
1254 525 1378 560 visum

193 611 217 633 a
234 610 276 634 se
297 598 416 647 Argis
435 598 715 641 Arescontem‚
734 599 797 633 cui
817 609 964 633 nomen
983 597 1205 633 Arescusae
1226 594 1379 640 fuisset,

192 672 372 720 nupsisse
391 672 529 714 etiam,
547 682 639 706 mox
657 670 824 706 barbam
842 674 885 706 et
902 668 1134 705 virilitatem
1152 670 1379 719 provenisse

193 755 439 793 uxoremque
481 742 664 786 duxisse;
719 741 899 779 eiusdem
940 743 1056 778 sortis
1098 745 1141 778 et
1182 740 1378 791 Zmyrnae

191 828 360 865 puerum
383 828 406 852 a
427 828 469 852 se
492 818 630 852 visum.
686 817 770 865 ipse
792 817 833 851 in
855 812 992 850 Africa
1014 813 1092 851 vidi
1115 818 1318 850 mutatum
1339 816 1379 850 in

192 900 344 925 marem
367 891 597 939 nuptiarum
620 887 685 925 die
709 887 754 924 L.
780 887 1021 924 Constitium
1043 888 1171 923 civem
1192 885 1380 937 Thysdri-

190 966 342 998 tanum.
374 990 382 998 .
414 990 421 998 .
453 962 479 998 .¹
534 961 652 998 editis
683 962 852 1011 geminis
884 972 1014 996 raram
1045 972 1131 996 esse
1163 964 1233 996 aut
1263 971 1379 1009 puer-

192 1045 313 1083 perae
349 1039 420 1071 aut
455 1036 666 1084 puerperio
701 1038 985 1083 praeterquam
1022 1031 1136 1068 alteri
1174 1033 1312 1076 vitam,
1347 1034 1378 1068 si

192 1119 284 1142 vero
324 1109 531 1156 utriusque
571 1119 689 1143 sexus
730 1105 828 1142 editi
868 1107 948 1141 sint
987 1106 1150 1155 gemini,
1190 1106 1380 1141 rariorem

193 1181 352 1229 utrique
372 1179 568 1223 salutem;
598 1177 767 1216 feminas
787 1177 954 1215 celerius
970 1180 1080 1228 gigni
1098 1190 1219 1227 quam
1235 1189 1379 1221 mares,

191 1254 308 1288 sicuti
340 1251 506 1289 celerius
539 1263 770 1294 senescere3
817 1253 975 1301 saepius
1008 1252 1047 1286 in
1080 1255 1196 1286 utero
1228 1252 1378 1286 moveri

191 1337 336 1369 mares,
353 1330 396 1362 et
413 1327 453 1361 in
470 1324 640 1362 dextera
657 1323 741 1361 fere
757 1325 843 1374 geri
861 1328 991 1373 parte,
1009 1325 1048 1359 in
1065 1322 1179 1359 laeva
1196 1321 1377 1360 feminas.

242 1397 288 1434 V.
305 1397 460 1434 Ceteris
475 1397 746 1434 animantibus
762 1401 914 1433 statum
930 1401 974 1433 et
988 1394 1169 1446 pariendi
1184 1400 1227 1432 et
1239 1400 1378 1445 partus

192 1470 358 1519 gerendi
391 1475 551 1520 tempus
591 1475 673 1507 est:
722 1468 840 1505 homo
874 1473 961 1505 toto
1002 1480 1106 1504 anno
1146 1472 1189 1504 et
1228 1469 1379 1504 incerto

192 1545 370 1592 gignitur
390 1545 533 1592 spatio,
555 1542 652 1579 alius
682 1543 855 1592 septimo
885 1553 1037 1585 mense,
1058 1539 1156 1577 alius
1176 1545 1317 1577 octavo
1337 1545 1379 1577 et

197 1628 320 1665 usque
341 1615 391 1652 ad
413 1618 569 1651 initium
591 1614 814 1657 undecimi;
845 1619 940 1650 ante
961 1615 1179 1663 septimum
1199 1625 1379 1649 mensem

194 1686 291 1724 haut
323 1701 512 1737 umquam
545 1687 673 1723 vitalis
705 1693 778 1724 est.
835 1688 1006 1736 septimo
1037 1698 1116 1722 non
1147 1687 1220 1721 nisi
1251 1684 1378 1736 pridie

193 1766 403 1810 posterove
454 1759 644 1810 pleniluni
695 1759 760 1796 die
812 1764 882 1795 aut
931 1757 1146 1795 interlunio
1195 1759 1378 1808 concepti

619 1841 632 1860 ¹
655 1840 827 1871 Lacunam
843 1839 983 1871 Urlicho.

273 1993 284 2013 ⁶
308 1952 530 2025 ὲέξηὲἳοτᾱε
543 2003 634 2025 seem
647 1997 684 2024 to
698 1993 786 2024 have
800 1992 884 2023 been
897 1991 963 2023 lost
976 1992 1010 2023 in
1024 1991 1083 2023 tho
1097 1991 1198 2022 Latin
1211 1991 1301 2024 hore.

196 2067 266 2105 530
