1515 2351
114 248 153 278 12

159 248 172 278 l

160 1002 178 1031 *0

401 136 569 174 PLINY
583 150 592 174 ε
644 136 909 174 NATURAL
945 135 1184 174 HISTORY

250 241 439 279 XXXVI.
474 239 644 278 Pietatis
684 240 872 291 exempla
906 240 1063 277 infinita
1095 239 1260 290 quidem
1297 243 1386 277 toto

199 318 295 354 orbe
339 319 529 361 extitere,
573 315 644 353 sed
687 315 840 353 Romae
883 329 1008 353 unum
1054 317 1116 352 cuj
1163 316 1385 365 comparari

198 398 344 429 cuncta
359 405 439 429 non
451 394 617 442 possint.
651 390 810 428 humilis
830 393 871 428 in
890 391 1009 441 plebe
1026 396 1069 428 et
1088 390 1180 428 ideo
1200 389 1386 441 ignobilis

199 480 411 518 puerpera,
431 467 613 517 supplicii
637 479 757 503 causa
782 479 942 504 carcere
969 465 1121 503 inclusa
1142 471 1271 503 matre
1295 478 1386 502 cum

199 546 457 593 impetrasset
477 542 647 587 aditum,
664 555 686 579 a
704 544 873 579 ianitore
892 555 1050 592 semper
1071 554 1240 579 excussa
1260 539 1385 578 ante1

199 632 250 656 ne
277 618 374 669 quid
400 617 568 655 inferret
597 618 689 661 cibi,
716 617 969 667 deprehensa
995 623 1058 654 est
1089 617 1278 654 uberibus
1308 619 1387 653 suis

200 694 310 731 alens
341 707 443 731 eam.
499 707 577 744 quo
604 693 793 730 miraculo
820 695 959 730 matris
984 692 1089 730 salus
1113 692 1264 729 donata
1284 691 1387 729 filiae

200 772 344 820 pietati
362 775 424 806 est
445 770 669 819 ambaeque
690 771 897 819 perpetuis
911 768 1127 813 alimentis,
1141 774 1184 805 et
1200 767 1308 805 locus
1322 767 1386 805 ille

201 845 333 883 eidem
353 851 607 882 consecratus
629 844 744 888 deae,
766 844 808 881 C.
832 844 1021 890 Quinctio
1044 843 1117 881 M'.
1140 843 1268 881 Acilio
1289 857 1386 881 coss.

201 920 353 971 templo
375 919 543 957 Pietatis
579 926 765 957 extructo
797 922 836 956 in
865 919 967 956 illius
991 921 1160 957 carceris
1188 919 1299 964 sede,
1320 920 1386 957 ubi

204 1010 308 1034 nunc
351 995 533 1033 Marcelli
572 995 778 1033 theatrum
821 1001 894 1032 est.
964 994 1235 1032 Gracchorum
1272 1000 1389 1046 pater

201 1072 398 1123 anguibus
412 1071 618 1122 prehensis
632 1073 672 1107 in
685 1071 818 1115 domo,
831 1084 921 1108 cum
936 1070 1246 1121 responderetur
1259 1073 1388 1121 ipsum

203 1150 399 1184 victurum
445 1147 608 1184 alterius
648 1160 767 1184 sexus
801 1149 1070 1197 interempto:
1114 1146 1243 1184 Immo
1282 1159 1389 1192 vero,

201 1226 344 1274 inquit,
371 1236 506 1260 meum
536 1228 694 1267 necate,
724 1221 907 1259 Cornelia
937 1225 1043 1259 enim
1072 1224 1225 1259 iuvenis
1255 1227 1318 1260 est
1347 1227 1389 1260 et

202 1312 341 1349 parere
371 1298 501 1336 adhuc
527 1304 675 1349 potest.
731 1297 804 1335 hoc
832 1304 920 1336 erat
948 1300 1062 1335 uxori
1087 1311 1252 1348 parcere
1275 1303 1318 1336 et
1346 1311 1388 1336 re

201 1374 384 1424 publicae
400 1374 630 1418 consulere;
660 1374 781 1424 idque
802 1387 895 1411 mox
915 1380 1175 1411 consecutum
1195 1379 1270 1411 est.
1327 1373 1385 1411 M.

204 1450 379 1501 Lepidus
411 1449 635 1501 Appuleiae
668 1452 800 1487 uxoris
841 1452 1011 1487 caritate
1046 1455 1138 1500 post
1175 1449 1388 1500 repudium

201 1527 313 1563 obiit.
336 1524 378 1562 P.
394 1525 566 1563 Rutilius
579 1526 717 1562 morbo
730 1525 806 1563 levi
821 1525 1039 1575 impeditus
1052 1527 1243 1562 nunciata
1255 1524 1388 1562 fratris

202 1601 360 1652 repulsa
392 1604 432 1638 in
465 1601 694 1638 consulatus
726 1603 924 1651 petitione
957 1600 1045 1637 ilico
1078 1603 1287 1651 expiravit.
1343 1599 1386 1639 P.

201 1677 392 1714 Catienus
417 1676 653 1714 Philotimus
676 1683 891 1727 patronum
914 1676 1016 1714 adeo
1038 1676 1181 1714 dilexit
1204 1682 1250 1713 ut
1272 1675 1388 1715 heres

201 1754 385 1790 omnibus
407 1753 520 1790 bonis
543 1755 752 1789 institutus
775 1755 815 1788 in
837 1765 979 1803 rogum
1001 1754 1086 1789 eius
1108 1765 1150 1789 se
1173 1754 1335 1789 iaceret.

287 1845 299 1864 ¹
322 1843 513 1876 Salnum'us
527 1856 534 1876 :
565 1854 709 1876 excussa
723 1847 782 1875 aut
797 1847 981 1875 excurrant
996 1848 1053 1875 aut
1071 1847 1268 1876 excuranbo.

699 1991 715 2007 ⁰
740 1989 802 2019 150
817 1996 882 2020 κιο.
