1515 2351
192 418 230 448 31

195 1398 236 1428 33

463 101 654 139 PLINY:
706 101 972 139 NATURAL
1010 100 1248 139 HISTORY

259 205 441 254 procellis
489 208 546 243 rei
595 205 780 255 publicae
830 205 992 242 Latium
1040 204 1196 241 tribuit.
1252 203 1447 255 Pyrenaei

261 282 417 312 montes
446 275 661 325 Hispanias
690 275 923 325 Galliasque
952 274 1234 312 disterminant
1262 287 1449 324 promun-

260 347 373 382 turiis
393 348 432 381 in
452 345 531 382 duo
550 345 706 382 diversa
726 348 851 382 maria
870 347 1070 394 proiectis.

315 413 381 451 IV.
412 414 681 452 Narbonensis
709 417 910 464 provincia
939 413 1169 463 appellatur
1188 427 1278 463 pars
1299 413 1451 450 Gallia-

260 497 347 519 rum
390 497 494 534 quae
537 487 695 521 interno
737 487 837 520 mari
879 483 1070 527 adluitur,
1113 482 1287 520 Bracata
1328 489 1450 520 antea

260 552 382 597 dicta,
409 567 527 590 amne
556 553 660 591 Varo
689 554 738 590 ab
768 553 887 590 Italia
915 553 1088 590 discreta
1115 553 1360 603 Alpiumque
1388 553 1449 590 vel

260 622 528 660 saluberrimis
560 623 740 660 Romano
772 626 939 672 imperio
970 625 1086 673 iugis,
1117 636 1141 659 a
1171 622 1326 673 reliqua
1358 636 1451 660 vero

262 692 394 729 Gallia
428 693 556 730 latere
594 693 902 743 septentrionali
938 693 1141 730 montibus
1179 692 1372 730 Cebenna
1409 698 1452 730 et

261 761 432 807 Iuribus,
464 776 650 814 agrorum
681 762 807 807 cultu,
840 766 1011 799 virorum
1043 775 1280 813 morumque
1313 762 1452 813 digna·

261 835 385 877 tione,
421 833 687 883 amplitudine
723 845 844 882 opum
881 832 978 870 nulli
1015 835 1308 882 provinciarum
1344 838 1452 882 post-

261 902 428 939 ferenda
463 903 719 953 breviterque
758 903 876 940 Italia
913 905 1043 939 verius
1080 916 1201 953 quam
1237 905 1450 952 provincia.

265 975 305 1009 in
342 986 411 1009 ora
449 976 559 1023 regio
597 972 820 1010 Sordonum
859 976 1048 1023 intusque
1087 972 1451 1017 Consuaranorum,

262 1041 425 1079 flumina
476 1043 638 1087 Tetum,
691 1043 1012 1087 Vernodubrum,
1065 1042 1214 1093 oppida
1267 1042 1451 1086 Illiberis,

262 1126 434 1162 magnae
470 1113 673 1163 quondam
709 1113 816 1150 urbis
852 1119 977 1150 tenue
1013 1115 1242 1163 vestigium,
1279 1112 1450 1150 Ruscino

264 1182 514 1228 Latinorum,
553 1183 702 1220 flumen
741 1184 851 1220 Atax
892 1196 913 1220 e
954 1182 1162 1234 Pyrenaeo
1201 1182 1451 1220 Rubrensem

263 1265 474 1302 permeans
523 1253 670 1297 lacum,
723 1253 858 1290 Narbo
914 1253 1086 1290 Martius
1138 1252 1452 1290 decumanorum

261 1322 417 1359 colonia
441 1335 498 1360 xu
525 1336 564 1373 p.
592 1337 616 1359 a
641 1326 739 1360 mari
767 1323 935 1367 distans,
962 1322 1126 1359 flumina
1152 1323 1304 1367 Araris,
1331 1321 1450 1360 Liria.

265 1392 412 1442 oppida
427 1392 478 1430 de
494 1399 630 1430 cetero
646 1406 735 1430 rara
750 1393 1073 1443 praeiacentibus
1089 1395 1255 1443 stagnis.
1288 1391 1452 1443 Agatha

263 1463 464 1512 quondam
501 1463 813 1500 Massiliensium
846 1469 888 1500 et
921 1466 1031 1513 regio
1065 1462 1278 1500 Volcarum
1309 1462 1451 1500 Tecto-

262 1545 402 1582 sagum
423 1539 547 1583 atque
566 1533 634 1570 ubi
654 1532 797 1570 Rhoda
815 1532 1061 1570 Rhodiorum
1082 1532 1173 1576 fuit,
1192 1532 1299 1570 unde
1319 1531 1452 1569 dietus

262 1602 390 1639 multo
426 1602 646 1640 Galliarum
682 1603 948 1640 fertilissimus
985 1602 1201 1639 Rhodanus
1237 1604 1364 1640 amnis
1401 1614 1451 1639 ex

264 1671 432 1722 Alpibus
451 1686 493 1710 se
511 1676 670 1722 rapiens
689 1686 761 1723 per
782 1672 1033 1709 Lemannum
1051 1673 1183 1709 lacum
1202 1684 1451 1722 segnemque

263 1741 449 1780 deferens
470 1743 638 1780 Ararcm
659 1756 733 1780 nec
753 1746 884 1780 minus
904 1756 947 1780 se
969 1746 1053 1792 ipso
1073 1747 1275 1780 torrentes
1297 1741 1449 1779 Isaram

264 1818 306 1849 et
349 1812 603 1849 Druantiam.
659 1812 797 1849 Libica
839 1812 1095 1862 appellantur
1135 1812 1214 1849 duo
1257 1814 1341 1848 eius
1382 1823 1452 1848 ora

398 1927 411 1941 ⁰
436 1923 536 1966 From
554 1922 612 1953 the
629 1922 717 1954 linen
735 1921 892 1954 breeches
908 1931 999 1953 worn
1018 1922 1064 1962 by
1081 1921 1139 1953 the
1156 1921 1301 1953 nativas.

396 1964 407 1984 ὖ
432 1965 588 2006 L'Etang
606 1965 648 1996 de
665 1966 801 2006 Sigei-un.

269 2028 314 2064 26
