1515 2351
141 257 182 288 74

413 148 580 186 PLINY
595 162 604 187 z
657 148 921 186 NATURAL
958 148 1196 187 HISTORY

207 251 363 289 Orestis
392 265 534 302 corpus
564 251 710 288 oraculi
740 254 847 288 iussu
877 251 1073 288 refossum
1101 258 1259 302 septem
1287 252 1394 288 cubi-

207 310 341 342 torum
374 305 495 342 fuisse
528 308 785 342 monimentis
817 304 1007 342 creditur.
1061 307 1142 342 iam
1173 318 1267 342 vero
1299 310 1395 342 ante

209 371 332 395 annos
361 371 484 409 prope
514 358 622 395 mille
652 364 764 395 vates
793 357 858 395 ille
890 358 1089 395 Homerus
1117 370 1197 395 non
1224 360 1396 395 cessavit

209 414 362 448 minora
398 425 564 461 corpora
601 411 829 448 mortalium
867 425 988 461 quam
1026 414 1156 461 prisca
1192 413 1393 461 conqueri.

210 465 349 502 Naevii
376 463 562 502 Pollionis
587 464 895 515 amplitudinem
921 464 1085 502 annales
1110 477 1189 501 non
1214 465 1395 510 tradunt,

210 518 280 555 sed
302 521 395 568 quja
416 518 551 568 populi
571 531 765 555 concursu
785 531 914 568 paene
935 521 987 554 sit
1008 521 1290 568 interemptus,
1310 520 1395 555 vice

209 571 376 622 prodigii
416 571 629 608 habitam.¹
685 574 1003 621 procerissimum
1041 570 1244 608 hominem
1283 577 1396 609 aetas

212 631 347 661 nostra
375 625 466 661 divo
495 625 662 662 Claudio
690 627 869 675 principe
899 625 1128 662 Gabbaram
1157 627 1317 662 nomine
1345 637 1395 662 ex

212 679 361 715 Arabia
379 678 593 715 advectum
611 691 754 715 novem
773 678 923 728 pedum
941 684 983 715 et
1000 678 1171 715 totidem
1191 680 1395 715 unciarum

141 737 182 766 75
205 731 316 769 vidit.
372 731 483 769 fuere
498 733 571 769 sub
585 731 676 769 divo
691 733 876 781 Augusto
891 731 970 768 duo
987 732 1002 755 ²
1017 731 1223 782 semipede
1239 731 1392 776 addito,

141 1378 182 1408 76

209 798 376 834 quorum
411 798 576 835 corpora
609 787 693 822 eius
726 784 904 821 miraculi
938 788 1069 835 gratia
1102 788 1142 821 in
1174 785 1396 822 conditorio

209 838 538 875 Sallustianorum
585 838 901 876 adservabantur
947 838 1174 881 hortorum3
1235 837 1393 875 Pusioni

210 898 251 928 et
306 891 557 929 Secundillae
614 898 729 929 erant
784 894 957 928 nomina.
1013 891 1156 928 eodem
1211 891 1395 942 praeside

209 947 395 982 minimus
410 945 527 982 homo
541 945 639 982 duos
652 945 778 995 pedes
791 951 834 982 et
847 945 1026 996 palmum
1039 944 1222 995 Conopas
1236 947 1395 982 nomine

211 1001 250 1035 in
279 999 429 1036 deliciis
453 999 576 1036 Iuliae
599 1001 731 1048 neptis
753 1001 837 1035 eius
865 998 954 1042 fuit,
976 1004 1018 1035 et
1038 999 1231 1035 minima³
1254 998 1396 1036 mulier

209 1052 469 1089 Andromeda
483 1053 627 1089 liberta
643 1052 767 1089 Iuliae
783 1053 1006 1101 Augustae.
1065 1051 1248 1088 Manium
1266 1051 1397 1088 Maxi-

208 1119 318 1142 mum
347 1112 389 1143 et
420 1106 477 1142 M.
506 1105 679 1142 Tullium
708 1109 865 1155 equites
894 1105 1093 1142 Romanos
1122 1106 1260 1142 binum
1287 1105 1396 1143 cubi-

209 1165 341 1196 torum
365 1159 485 1196 fuisse
510 1166 648 1196 auctor
671 1165 733 1196 est
758 1158 815 1195 M.
841 1159 979 1203 Varro,
1002 1164 1044 1195 et
1067 1161 1140 1209 ipsi
1163 1158 1333 1196 vidimus
1355 1161 1396 1195 in

209 1213 344 1249 loculis
389 1213 632 1250 adservatos.
688 1212 987 1262 sesquipedales
1031 1214 1157 1263 gigni,
1201 1211 1395 1262 quosdam

210 1266 420 1317 longiores,
451 1269 490 1302 in
521 1269 688 1303 trimatu
719 1266 919 1316 inplentes
950 1268 1056 1303 vitae
1086 1278 1259 1310 cursum,
1289 1264 1397 1303 haud

210 1323 394 1370 ignotum
414 1326 489 1357 est.

261 1373 490 1410 Invenimus
521 1375 560 1409 in
592 1375 863 1409 monumentis
895 1371 1094 1409 Salamine
1127 1371 1395 1422 Euthymenis

209 1426 332 1463 filium
374 1429 414 1463 in
455 1429 533 1463 tria
574 1427 710 1463 cubita
745 1428 917 1463 triennio
959 1425 1199 1470 adcrevisse,
1240 1428 1396 1463 incessu

209 1480 384 1524 tardum,
401 1493 520 1517 sensu
537 1478 743 1523 hebetem,
761 1480 956 1529 puberem
974 1481 1097 1516 etiam
1115 1479 1282 1523 factum,
1300 1492 1395 1516 voce

209 1534 386 1578 robusta,
404 1534 664 1584 absumptum
681 1535 955 1570 contractione
974 1533 1245 1569 membrorum
1263 1533 1396 1569 subita

208 1590 380 1624 triennio
396 1590 650 1624 circumacto.
705 1589 778 1636 ipsi
797 1599 874 1622 non
893 1585 1048 1636 pridem
1066 1586 1234 1623 vidimus
1253 1585 1394 1623 eadem

208 1639 334 1678 ferme
372 1643 506 1678 omnia
543 1646 704 1691 praeter
742 1641 1002 1690 pubertatem
1039 1642 1079 1676 in
1118 1639 1196 1676 filio
1235 1638 1391 1676 Corneli

530 1742 541 1762 ²
565 1741 755 1773 Rackham:
789 1741 958 1772 habitum.

529 1786 541 1804 ²
564 1785 633 1815 duo
649 1783 812 1824 supplevit
832 1783 1010 1815 Raakham.

530 1828 543 1847 ⁸
567 1828 710 1859 minima
724 1827 892 1868 supplevit
910 1826 1089 1858 Rackham.

250 1983 265 1998 ⁸
287 1980 341 2021 By
367 1980 426 2012 the
448 1980 627 2022 Spartans,
654 1979 729 2010 who
755 1980 834 2010 then
860 1978 982 2020 gained
1009 1978 1066 2009 the
1090 1978 1223 2019 victory
1247 1977 1282 2009 in
1306 1976 1395 2009 their

215 2024 293 2065 long
311 2034 380 2055 war
398 2023 480 2055 with
497 2023 620 2065 Tegea.
639 2024 703 2053 554
722 2031 788 2053 ac.
807 2021 1022 2061 (Herodotus
1040 2021 1067 2051 1.
1084 2021 1200 2059 65ff.).

211 2095 282 2133 554
