1515 2351
419 144 609 182 PLINY:
661 144 927 182 NATURAL
963 142 1201 182 HISTORY

215 249 331 286 dates
351 248 521 286 duarum
542 254 585 285 et
605 249 747 299 viginti
767 249 951 298 gentium
970 259 1042 284 rex
1063 246 1237 284 totidem
1257 246 1403 298 linguis

214 310 301 344 iura
340 307 457 352 dixit,
496 320 568 358 pro
607 309 794 344 contione
835 305 1011 356 singulas
1051 308 1136 342 sine
1177 308 1402 356 interprete

149 371 190 402 89
215 365 388 403 adfatus.
444 365 690 403 Charmadas
720 365 884 416 quidam
913 367 954 401 in
983 364 1154 401 Graecia
1183 377 1286 414 quae
1316 366 1404 414 quis

155 1253 191 1283 91

217 427 400 475 exegerit
444 424 645 461 volumina
688 426 729 460 in
770 422 1025 461 bibliothecis
1068 422 1241 474 legentis
1285 422 1404 460 modo

216 485 547 534 repraesentavit.
603 496 664 520 ars
694 488 898 533 postremo
930 484 1014 518 eius
1045 484 1102 519 rei
1133 480 1243 518 facta
1273 486 1316 518 et
1345 483 1404 518 in-

218 548 340 579 venta
364 548 426 579 est
449 555 473 578 a
495 540 699 578 Simonide
723 541 880 586 melico,
903 546 1181 577 consummata
1203 553 1227 577 a
1252 539 1405 577 Metro-

218 601 314 638 doro
341 599 517 652 Scepsio,
544 606 590 637 ut
616 599 713 636 nihil
739 613 819 637 non
844 599 986 637 iisdem
1012 599 1142 636 verbis
1168 598 1407 636 redderetur

218 659 413 697 auditum.
468 672 543 696 nec
575 659 683 696 aliud
716 665 778 696 est
812 671 942 709 aeque
975 657 1118 709 fragile
1149 660 1191 694 in
1222 656 1406 695 homine:

219 719 448 756 morborum
465 724 508 755 et
524 731 638 755 casus
655 720 818 754 iniurias
836 723 959 767 atque
978 719 1102 754 etiam
1118 722 1252 754 metus
1267 718 1407 761 sentit,

219 777 315 814 alias
331 776 617 828 particulatim,
633 776 728 813 alias
745 779 940 813 universa.
994 778 1097 813 ictus
1111 775 1244 826 lapide
1260 775 1408 812 oblitus

220 842 282 873 est
304 835 460 873 litteras
483 841 668 879 tantum;
705 848 755 873 ex
777 834 959 886 praealto
981 840 1092 872 tecto
1114 834 1247 885 lapsus
1269 836 1408 872 matris

221 901 264 932 et
282 894 475 932 adfinium
492 897 889 945 propinquorumque
908 896 1017 944 cepit
1035 893 1290 938 oblivionem,
1309 893 1408 930 alius

221 959 410 1004 aegrotus
435 966 639 991 servorum
665 955 803 998 etiam,
829 955 888 990 sui
915 965 1008 989 vero
1034 954 1203 989 nominis
1232 951 1409 989 Messala

222 1012 413 1050 Corvinus
441 1018 586 1049 orator.
641 1014 780 1062 itaque
808 1024 929 1062 saepe
957 1011 1130 1048 deficere
1157 1016 1336 1062 temptat
1364 1024 1410 1048 ac

222 1071 444 1108 meditatur
485 1071 547 1108 vel
590 1073 728 1122 quieto
769 1083 934 1121 corpore
977 1076 1020 1107 et
1061 1069 1214 1113 valid03
1270 1082 1409 1107 somno

222 1143 381 1180 quoque
404 1135 593 1181 serpente
616 1135 866 1180 amputatur,
888 1134 934 1166 ut
955 1131 1083 1166 inanis
1105 1141 1218 1166 mens
1241 1133 1411 1179 quaerat

223 1190 289 1226 ubi
312 1191 364 1226 sit
384 1189 471 1226 loci.

271 1248 396 1285 XXV.
419 1249 555 1285 Animi
570 1250 705 1297 vigore
721 1249 1112 1298 praestantissimum
1128 1247 1299 1284 arbitror
1313 1259 1410 1298 gen-

223 1304 352 1343 ituml
377 1306 591 1344 Caesarem
614 1306 879 1350 dictatorem3
914 1319 987 1343 nec
1011 1308 1202 1343 virtutem
1226 1311 1410 1343 constan-

224 1368 404 1416 tiamque
419 1379 524 1403 nunc
537 1379 821 1410 commemoro,
836 1378 910 1402 nec
927 1364 1218 1402 sublimitatem
1233 1367 1411 1402 omnium

223 1437 413 1474 capacem
424 1438 527 1475 quae
537 1424 648 1462 caelo
656 1427 928 1469 continentur,
938 1423 1009 1461 sed
1017 1426 1221 1474 proprium
1234 1426 1411 1474 vigorem

224 1483 558 1534 celeritatemque
580 1483 754 1534 quodam
775 1486 868 1534 igne
890 1482 1103 1520 volucrem.
1151 1483 1324 1519 scribere
1341 1487 1413 1519 aut

226 1541 374 1591 legere,
399 1542 516 1579 simul
542 1542 695 1579 dictare
723 1548 794 1579 aut
820 1541 958 1578 audire
985 1541 1146 1579 solitum
1172 1543 1413 1592 accepimus,

227 1601 417 1651 epistulas
457 1614 550 1638 vero
589 1607 795 1640 tantarum
834 1614 967 1637 rerum
1007 1606 1224 1651 quaternas
1261 1602 1414 1650 pariter

158 1664 199 1694 92
224 1659 377 1697 dictare
402 1660 569 1697 librariis
595 1666 679 1705 aut,
703 1662 735 1697 si
760 1659 856 1696 nihil
881 1659 988 1696 aliud
1014 1665 1169 1710 ageret,
1192 1658 1414 1709 septenas.²

227 1717 333 1755 idem
368 1721 490 1770 signis
525 1719 693 1755 conlatis
728 1721 1021 1769 quinquagiens
1056 1718 1274 1763 dimicavit,
1309 1717 1414 1755 solus

229 1775 288 1813 M.
330 1776 567 1815 Marcellum
606 1783 891 1828 transgressus,
931 1779 997 1827 qui
1037 1776 1414 1828 undequadragiens

549 1859 560 1878 ¹
592 1857 664 1890 VJl.
681 1859 845 1899 gentium,
862 1857 997 1890 Gaium.

550 1902 562 1921 ²
593 1901 651 1933 VJ.
671 1912 736 1932 om.
756 1901 1115 1942 librariis—septenas.

430 2015 445 2030 ⁶
468 2011 569 2044 Some
586 2013 814 2055 manuscripts
830 2013 916 2044 omit
932 2013 990 2044 the
1006 2012 1072 2044 last
1088 2012 1200 2044 clause

234 2075 305 2122 564
