1515 2351
407 129 573 167 PLINY
589 143 597 167 ε
649 129 915 168 NATURAL
951 129 1188 168 HISTORY

201 241 246 273 ut
271 235 491 278 docuimus,
517 248 590 271 nec
617 248 696 271 non
721 237 761 271 in
786 234 920 271 media
945 233 1085 285 Syriae
1110 234 1162 272 ad
1189 234 1387 272 Libanum

201 306 381 336 montem
423 299 730 349 penetrantibus
774 298 939 343 Nubeis,
981 299 1124 349 quibus
1166 301 1387 349 iunguntur

123 368 182 400 143
204 364 368 407 Ramisi,
416 363 510 400 dein
558 363 744 407 Teranei,
792 363 885 400 dein
935 362 1106 400 Patami.
1161 366 1247 413 ipsa
1295 376 1388 400 vero

200 427 437 478 paeninsula
467 428 619 464 Arabia
650 430 754 465 inter
785 428 864 465 duo
894 430 1021 464 maria
1052 427 1231 464 Rubrum
1263 427 1389 465 Persi-

199 506 372 542 cumque
412 505 661 541 procurrens,
702 492 878 542 quodam
919 498 1091 529 naturae
1130 492 1296 529 artificio
1337 492 1388 530 ad

198 557 503 594 similitudinem
551 563 675 607 atque
725 557 1046 607 magnitudinem
1097 556 1240 594 Italiae
1289 560 1388 594 mari

198 621 452 666 circumfusa,
489 624 531 658 in
569 621 741 659 eandem
781 624 905 658 etiam
943 621 1046 659 caeli
1083 627 1242 671 partem
1280 621 1388 659 nulla

199 685 427 723 differentia
459 692 633 736 spectat,
666 685 766 723 haec
799 699 961 737 quoque
992 689 1033 723 in
1064 686 1133 723 illo
1165 689 1246 723 situ
1278 685 1387 724 felix.

198 751 365 801 populos
395 754 479 788 eius
513 764 536 788 a
565 757 700 788 nostro
729 754 829 788 mari
858 764 984 801 usque
1019 750 1071 788 ad
1100 750 1385 801 Palmyrenas¹

199 816 433 853 solitudines
453 815 640 859 diximus,
659 815 813 866 reliqua
831 829 936 853 nunc
954 816 1047 853 inde
1066 829 1318 866 peragemus.

253 880 456 918 Nomadas
488 880 827 930 infestatoresque
861 880 1157 917 Chaldaeorum
1189 879 1389 926 Scenitae,

199 951 244 982 ut
268 945 455 990 diximus,
478 945 660 989 cludunt,
684 951 726 982 et
749 948 823 995 ipsi
847 948 952 996 vagi,
975 945 1046 982 sed
1070 959 1093 982 a
1115 945 1388 983 tabernaculis

121 1013 181 1045 144
200 1013 472 1061 cognominati
487 1023 591 1060 quae
603 1010 741 1047 ciliciis
755 1015 963 1047 metantur
977 1010 1044 1047 ubi
1057 1010 1186 1047 libuit.
1241 1010 1387 1048 deinde

199 1074 401 1112 Nabataei
427 1075 619 1125 oppidum
645 1075 825 1112 incolunt
852 1074 1016 1112 Petram
1043 1077 1203 1112 nomine
1230 1077 1271 1112 in
1296 1089 1388 1113 con-

199 1139 315 1183 valle,
343 1140 463 1190 paulo
492 1143 622 1177 minus
652 1140 681 1177 fi
711 1153 749 1190 p.
779 1139 1069 1190 amplitudinis,
1095 1140 1386 1178 circumdatum

198 1205 400 1241 montibus
440 1207 665 1248 inaccessis,
702 1217 820 1242 amne
855 1204 1127 1242 interfluente.
1183 1205 1298 1242 abest
1334 1205 1385 1242 ab

199 1269 311 1306 Gaza
332 1269 478 1320 oppido
499 1269 624 1306 litoris
645 1272 769 1306 nostri
787 1271 853 1314 ῖς,
873 1282 897 1306 a
916 1272 1004 1306 sinu
1026 1269 1184 1307 Persico
1206 1269 1389 1307 Dcxxxv.²

198 1333 275 1371 huc
299 1337 486 1372 convenit
511 1340 727 1385 utrumque
751 1335 916 1379 bivium,
941 1347 1078 1372 eorum
1103 1337 1171 1385 qui
1195 1347 1246 1372 ex
1271 1333 1387 1385 Syria

197 1398 426 1450 Palmyram
456 1402 611 1449 petiere
641 1405 684 1436 et
714 1412 851 1436 eorum
882 1402 949 1450 qui
978 1412 1002 1436 a
1032 1399 1145 1436 Gaza
1174 1405 1384 1437 venerunt.

120 1468 180 1498 145
200 1477 223 1500 a
249 1463 370 1501 Petra
389 1464 589 1502 incoluere
611 1464 758 1501 Omani
778 1464 830 1501 ad
855 1463 1063 1501 Characen
1083 1476 1210 1514 usquc
1231 1464 1386 1513 oppidis

198 1529 401 1579 quondam
425 1529 541 1566 claris
567 1529 617 1565 ab
642 1528 906 1566 Samiramide
926 1529 1096 1566 conditis
1116 1524 1386 1566 Abaesamide

198 1599 240 1630 et
282 1592 486 1637 Soractia3
545 1607 650 1631 nunc
693 1599 787 1631 sunt
828 1593 1078 1631 solitudines.
1133 1593 1280 1631 deinde
1323 1598 1385 1631 est

197 1658 389 1708 oppidum
409 1658 516 1709 quod
536 1657 859 1696 Characenorum
878 1661 963 1709 regi
983 1664 1099 1708 paret
1118 1661 1159 1695 in
1179 1657 1384 1709 Pasitigris

198 1725 297 1772 ripa,
333 1723 453 1760 Forat
488 1726 663 1768 nomine,
697 1726 737 1760 in
773 1723 880 1773 quod
914 1736 938 1760 a
973 1722 1094 1760 Petra
1127 1725 1384 1767 conveniunt,

198 1786 484 1838 Characenque
518 1788 610 1824 inde
646 1789 702 1824 ,ἰῖι
748 1801 786 1837 p.
820 1787 996 1824 secundo
1029 1794 1143 1824 aestu
1177 1790 1382 1837 navigant.

275 1873 286 1892 ¹
311 1872 395 1904 Edd.
413 1873 649 1914 Palmyrenae,
669 1883 761 1905 -rene
777 1875 835 1912 (an
852 1872 1097 1914 Palmyrenes?
1129 1871 1309 1914 Mayhoff).

271 1916 284 1934 ²
308 1924 457 1947 Dcxxxv
474 1915 536 1954 (vel
554 1922 737 1954 riccxxxv)
763 1916 1008 1956 Warminqlon:
1040 1924 1176 1948 cxxxv.

297 2007 310 2021 ⁶
335 2001 486 2044 Perhaps
503 2012 552 2034 we
569 2001 691 2034 should
708 2002 788 2034 read
807 2003 869 2035 735
879 2014 887 2039 ;
918 2001 976 2034 the
992 2001 1088 2035 MSS.
1103 2001 1182 2043 give
1201 2002 1273 2034 135.

196 2065 268 2110 446
