1515 2351
183 346 226 378 34

184 978 226 1008 35

185 1539 226 1569 36

456 98 623 136 PLINY
638 113 646 136 :
700 99 964 138 NATURAL
1001 99 1239 138 HISTORY

252 202 423 247 modica,
450 215 499 240 ex
526 202 586 240 his
613 202 786 240 alterum
812 202 1082 252 Hispaniense
1106 202 1440 241 alterumMeta—

252 275 405 321 pinum,
450 275 617 309 tertium
663 272 852 323 idemque
897 272 1186 322 amplissimum
1234 272 1440 310 Massalio-

255 345 391 379 ticum.
446 348 540 380 sunt
581 348 765 380 auctores
807 348 848 380 et
889 342 1130 380 Heracleam
1170 342 1363 393 oppidum
1402 345 1443 380 in

253 415 354 449 ostio
386 411 569 449 Rhodani
601 412 736 450 fuisse.
791 412 897 449 ultra
928 412 1058 450 fossae
1090 425 1141 449 ex
1172 411 1367 450 Rhodano
1397 412 1440 450 C-

255 481 358 518 Mari
376 495 497 532 opcrc
515 488 556 519 et
572 485 733 519 nomine
749 485 939 532 insignes,
954 488 1145 532 stagnum
1163 482 1443 527 Mastromela,

252 551 444 602 oppidum
491 552 699 589 Maritima
741 552 1017 596 Avaticorum,
1059 565 1259 603 superque
1301 552 1441 603 Campi

253 621 436 672 Lapidei,
461 622 645 659 Herculis
669 622 912 672 proeliorum
935 625 1143 666 memoria,
1167 625 1278 673 regio
1302 623 1443 660 Anati-

250 691 392 729 liorum
418 699 459 729 et
491 695 598 729 intus
631 692 893 729 Dexivatium
921 691 1224 742 Cavarumque3
1263 705 1396 730 rursus
1420 705 1443 730 a

251 765 350 799 mari
369 762 589 799 Tricorium
610 768 651 799 et
672 765 779 799 intus
798 761 1057 799 Tritollorum
1077 761 1444 814 vocontiorumque

253 838 294 869 et
329 831 728 882 Segovellaunorum,
762 846 856 869 mox
891 832 1169 883 Allobrogum.
1224 838 1267 870 at
1302 836 1343 870 in
1376 846 1445 870 ora

255 902 435 939 Massilia
469 902 715 939 Graecorum
750 902 1067 940 Phocaeensium
1100 902 1325 948 foederata,
1356 916 1444 953 pro-

254 975 503 1009 munturium
528 973 622 1017 Zao,
647 971 866 1010 Citharista
890 979 1044 1023 portus,
1069 975 1179 1023 regio
1204 972 1445 1010 Camactuli-

251 1056 402 1088 corum,
443 1042 537 1080 dein
579 1041 753 1080 Suelteri
795 1056 997 1093 supraque
1040 1042 1240 1080 Verucini.
1295 1045 1334 1080 in
1377 1056 1445 1081 ora

251 1119 391 1150 autem
414 1112 682 1163 Athenopolis
710 1113 1038 1157 Massiliensium,
1064 1113 1209 1150 Forum
1236 1113 1311 1150 Iuli
1336 1119 1446 1151 octa-

253 1196 443 1220 vanorum
459 1183 615 1220 colonia
628 1196 732 1233 quae
750 1183 936 1220 Pacensis
953 1183 1184 1233 appellatur
1199 1189 1241 1220 et
1256 1182 1446 1228 Classica,

252 1256 379 1290 amnis
397 1256 558 1290 nomine
576 1253 824 1304 Argenteus,
842 1256 952 1304 regio
971 1253 1222 1291 Oxubiorum
1243 1252 1444 1305 Ligauno-

252 1337 436 1373 rumque‚
463 1337 583 1373 super
609 1337 708 1374 quos
735 1323 892 1367 Suebri,
919 1323 1150 1370 Quariates,
1176 1322 1438 1362 Adunicates.

253 1399 295 1430 at.
308 1397 347 1429 in
359 1407 427 1430 ora
439 1393 631 1443 oppidum
645 1393 835 1430 Latinum
849 1393 1065 1443 Antipolis,
1076 1396 1187 1444 regio
1200 1393 1447 1438 Deciatium,

254 1466 383 1500 amnis
406 1463 533 1500 Varus
556 1477 605 1501 ex
627 1464 791 1514 Alpium
812 1469 950 1501 monte
972 1463 1123 1501 Caenia
1142 1463 1339 1514 profusus.

309 1534 354 1570 In
399 1534 696 1571 mediterraneo
738 1534 919 1571 coloniae
962 1533 1131 1571 Arelate
1173 1539 1445 1578 sextanorum,

254 1603 471 1641 Baeterrae
518 1607 851 1653 septimanorum,
897 1604 1068 1641 Arausio
1112 1603 1446 1648 secundanorum,

254 1676 293 1710 in
338 1687 434 1723 agro
478 1673 677 1710 Cavarum
721 1673 925 1727 Valentia,
968 1673 1125 1710 Vienna
1168 1668 1445 1724 Allobrogum.

255 1743 402 1793 oppida
429 1743 575 1780 Latina
601 1744 744 1794 Aquae
770 1742 935 1780 Sextiae
960 1742 1240 1788 Salluviorum,
1262 1743 1447 1781 Avennio

255 1812 467 1857 Cavarum,
492 1814 603 1861 Apta
631 1813 732 1849 Iulia
759 1812 1051 1861 Vulgientium,
1076 1812 1305 1850 Alaebaece
1330 1812 1445 1850 Reio-

255 1896 341 1919 rum
366 1882 674 1932 Apollinarium,
698 1882 801 1919 Alba
828 1882 1062 1926 Helvorum,
1085 1882 1272 1932 Augusta
1293 1881 1447 1920 Tricas-

254 1955 444 1996 tinorum,
462 1952 655 1997 Anatilia,
671 1952 819 1996 Aetea,
835 1952 1035 1998 Bormani,
1053 1951 1235 1997 Comani,
1251 1950 1447 2007 Cabellio,

261 2026 307 2063 28
