1515 2351
153 751 194 782 97

152 1492 193 1523 93

427 149 594 186 PLINY
610 163 618 186 :
670 149 936 188 NATURAL
973 149 1212 187 HISTORY

224 252 316 290 inde
346 258 480 303 capto,
507 253 642 302 Eques
671 252 887 297 Romanus,
918 252 959 289 id
989 252 1096 302 quod
1128 258 1250 289 antea
1279 265 1413 297 nemo,

223 327 340 351 curru
359 313 590 364 triumphali
618 319 801 351 revectus
822 319 865 350 et
885 316 1023 350 statim
1043 313 1095 351 ad
1117 313 1208 350 solis
1228 327 1412 351 occasum

223 381 489 425 trangressus,
520 377 706 412 excitatis
736 377 776 411 in
808 373 1015 425 Pyrenaeo
1045 377 1235 426 tropaeis,
1265 375 1413 426 oppida

223 450 432 474 Dcccmzxw
475 437 525 473 ab
567 436 736 487 Alpibus
773 436 824 473 ad
865 436 952 473 finis
990 436 1209 487 Hispaniae
1250 436 1412 474 ulterio—

222 501 275 536 ris
302 501 342 535 in
370 498 569 535 dicionem
597 498 763 535 redacta
790 500 979 535 victoriae
1007 511 1103 535 suae
1132 497 1342 548 adscripsit
1370 503 1413 536 et

222 562 372 597 maiore
397 562 530 596 animo
555 559 775 596 Sertorium
800 562 941 604 tacuit,
965 559 1152 610 belloque
1177 559 1280 597 civili
1305 559 1412 610 quod

222 624 355 659 omnia
373 627 542 658 externa
559 621 769 658 conciebat
786 623 967 658 extincto
984 624 1132 658 iterum
1149 620 1412 672 triumphales

222 697 358 721 currus
388 684 523 734 Eques
561 683 763 720 Romam1
801 683 974 728 induxit,
1011 685 1161 720 totiens
1193 685 1411 734 imperator

219 751 314 782 ante
343 759 465 796 quam
493 745 619 782 miles.
674 751 817 796 postea
845 744 895 782 ad
923 751 1012 782 tota
1038 748 1164 782 maria
1191 751 1235 783 et
1263 744 1411 782 deinde

222 807 312 845 solis
347 813 457 844 ortus
491 810 632 844 missus
667 807 842 844 infinitos
877 806 1048 844 retulit²
1081 809 1238 859 patriae
1272 807 1411 845 titulos

221 882 331 906 more
361 872 482 907 sacris
514 869 802 907 certaminibus
833 871 1269 921 vincentium—neque
1305 871 1410 906 enim

219 934 291 981 ipsi
311 938 567 976 coronantur,
588 931 659 968 sed
682 934 835 982 patrias
859 944 950 968 suas
970 937 1188 975 coronant3
1222 930 1293 968 hos
1315 943 1410 982 ergo

221 992 390 1030 honores
421 994 507 1030 urbi
538 993 681 1030 tribuit
710 995 750 1029 in
780 992 947 1030 delubro
981 992 1190 1030 Minervae
1221 992 1329 1043 quod
1359 1005 1409 1030 ex

221 1055 418 1091 manubiis
441 1055 625 1091 dicabat:

275 1116 341 1154 Cn.
370 1115 565 1168 Pompeius
590 1115 760 1167 Magnus
785 1115 982 1167 imperator
1009 1116 1099 1154 bello
1127 1128 1213 1153 xxx
1232 1129 1412 1154 annorum

220 1178 501 1230 conjeclofusis
509 1177 666 1230 fugatis
685 1177 814 1215 occisis
833 1178 871 1215 in
890 1178 1108 1216 deditionem
1123 1177 1280 1229 acceptis
1296 1177 1411 1216 homi-

220 1254 306 1277 num
331 1239 488 1278 centiens
513 1239 648 1278 vicsens
674 1239 784 1276 semel
809 1250 974 1275 LXXXIII
994 1239 1178 1292 depressis
1203 1245 1267 1277 aut
1294 1239 1411 1291 captis

220 1301 374 1339 navibus
400 1312 594 1337 DCGCXLVI
617 1300 762 1352 oppidis
786 1300 947 1338 castellis
977 1312 1207 1337 MDXXXVIH
1235 1301 1273 1339 in
1289 1301 1410 1352 fidem

219 1363 371 1414 receptis
407 1362 512 1399 terris
547 1376 571 1400 a
608 1362 772 1401 Maeotis
813 1362 863 1399 ad
909 1361 1074 1400 Rubrum
1113 1375 1213 1400 mare
1251 1362 1411 1401 subactis

220 1432 339 1462 votum
360 1425 485 1462 merito
508 1424 715 1462 Minervae.

270 1487 353 1524 Hos
393 1493 455 1524 est
496 1487 735 1524 breviarium
777 1490 860 1524 eius
901 1487 952 1524 ab
992 1489 1160 1524 oriente.
1216 1487 1408 1538 triumphi

221 1562 313 1586 vero
348 1562 468 1599 quem
499 1548 615 1585 duxit
642 1562 677 1586 a.
706 1548 744 1586 d.
777 1561 824 1585 111
854 1548 933 1585 kal.
965 1547 1056 1585 Oct.
1087 1547 1146 1585 M.
1176 1547 1318 1587 Pisone
1349 1549 1408 1587 M.

222 1610 398 1647 Messala
417 1624 514 1647 coss.
569 1610 767 1661 praefatio
787 1609 887 1648 haec
912 1609 1010 1647 fuit:
1053 1609 1145 1649 Cum
1171 1624 1273 1648 oram
1299 1610 1410 1648 mari-

221 1671 343 1709 timam
368 1671 616 1723 praedonibus
643 1671 831 1709 liberasset
857 1677 890 1709 et
916 1670 1106 1722 imperium
1134 1671 1248 1710 maris
1271 1672 1410 1724 populo

328 1765 339 1783 ¹
367 1762 418 1795 VJ.
435 1763 623 1795 Romanus.

326 1806 339 1826 ¹
362 1807 550 1838 Rackhum:
578 1809 700 1838 missus
714 1807 776 1838 hos
793 1807 927 1839 rettulit
940 1810 999 1838 aut
1012 1808 1134 1838 missus
1147 1807 1308 1839 infinitos.

424 1930 439 1945 ⁸
464 1925 557 1957 With
573 1925 752 1963 Sertorius,
769 1925 878 1958 ended
896 1927 933 1958 71
955 1935 1020 1958 ΒΕ.

428 1968 441 1988 ⁶
465 1968 512 2000 At
527 1969 687 2010 Olympia
701 1973 765 2000 etc.

429 2017 440 2030 ⁰
464 2011 516 2043 On
535 2012 593 2043 the
610 2012 673 2044 Sea
690 2012 730 2043 os
743 2012 848 2043 Azov.
1029 2011 1045 2031 ‘¹
1068 2013 1109 2043 62
1127 2020 1194 2044 Β.ο.
