1515 2351
115 656 176 687 168

116 1069 177 1099 169

117 1423 178 1453 170

392 133 583 171 PLINY:
636 134 902 172 NATURAL
939 133 1178 172 HISTORY

196 251 356 276 versum
379 241 520 288 utique
543 241 629 275 aevi
653 244 816 288 tempus
839 238 1101 275 intuentibus.
1157 236 1253 288 quid
1276 236 1383 287 quod

197 300 480 334 aestimatione
495 303 715 334 nocturnae
731 300 877 347 quietis
891 296 1056 334 dimidio
1071 299 1239 347 quisque
1253 298 1384 346 spatio

197 359 303 393 vitae
322 369 417 393 suae
437 358 546 400 vivit,
563 368 656 405 pars
675 369 805 406 aequa
822 358 942 392 morti
962 355 1100 392 similis
1120 357 1295 406 exigitur
1313 360 1383 392 aut

197 428 367 465 poenae,
388 418 462 451 nisi
483 417 652 465 contigit
674 414 814 465 quies?
835 427 909 451 nec
929 419 1170 464 reputantur
1189 412 1383 450 infantiae

198 477 290 510 anni
307 477 372 524 qui
387 487 507 511 sensu
521 479 675 518 carent,
689 486 768 510 non
782 479 971 510 senectae
987 476 1026 509 in
1039 485 1212 523 poenam
1227 475 1385 516 vivacis,

195 539 257 570 tot
289 532 558 582 periculorum
588 545 754 582 genera,
783 538 847 569 tot
878 531 1021 574 morbi,
1050 537 1113 568 tot
1144 537 1291 575 metus,
1321 536 1383 568 tot

196 605 330 635 curae,
353 594 502 628 totiens
527 594 710 628 invocata
733 597 864 627 morte
890 596 934 627 ut
958 589 1110 626 nullum
1134 586 1384 640 frequentius

200 655 250 688 sit
286 657 435 687 votum.
491 656 636 687 natura
669 663 764 687 vero
797 649 894 686 nihil
927 648 1151 686 hominibus
1186 648 1384 686 brevitate

198 713 303 747 vitae
331 712 537 759 praestitit
565 709 719 746 melius,
774 708 998 746 hebescunt
1024 721 1177 751 sensus,
1204 707 1385 744 membra

195 775 375 818 torpent,
399 771 668 818 praemoritur
694 771 812 811 visus,
838 767 1012 811 auditus,
1037 770 1227 809 incessus,
1251 766 1384 803 dentis

198 831 321 865 etiam
350 840 395 864 ae
422 828 602 864 ciborum
630 830 914 870 instrumenta,
941 832 984 863 et
1011 832 1150 863 tamen
1177 828 1284 862 vitae
1312 824 1386 862 hoc

195 893 356 936 tempus
380 886 680 923 adnumeratur.
737 892 798 923 est
812 885 826 909 ¹
847 898 944 935 ergo
963 897 1036 934 pro
1059 883 1264 928 miraculo,
1285 890 1326 921 et
1346 883 1387 921 id

196 945 418 982 solitarium
466 948 668 994 reperitur
711 943 940 994 exemplum
981 942 1195 993 Xenophili
1234 945 1388 987 musici,

197 1010 359 1042 centum
380 1010 421 1041 et
442 1007 617 1054 quinque
637 1007 748 1040 annis
769 1006 913 1040 w'xisse
931 1006 1016 1039 sine.
1036 1002 1118 1039 ullo
1135 1004 1311 1052 corporis
1331 1004 1388 1038 in-

200 1063 420 1100 commodo.
476 1069 532 1107 at,
549 1063 738 1106 Hercule,
752 1062 913 1112 reliquis
929 1061 1111 1098 omnibus
1126 1073 1199 1111 per
1212 1059 1387 1112 singulas

197 1122 469 1159 membrorum
502 1128 638 1171 partes
673 1121 847 1172 qualiter
881 1120 998 1157 nullis
1032 1120 1117 1156 aliis
1151 1119 1386 1156 animalibus

197 1185 316 1218 certis
344 1180 513 1231 pestifer
546 1180 655 1218 calor
687 1186 841 1217 remeat
869 1179 976 1216 horis
1004 1185 1074 1216 aut
1107 1182 1228 1230 rigor,
1255 1191 1386 1229 neque

198 1240 304 1277 horis
329 1240 448 1277 modo
472 1239 544 1276 sed
569 1246 610 1276 et
635 1239 775 1276 diebus
802 1238 1065 1288 noctibusque
1089 1240 1204 1274 trinis
1230 1237 1387 1288 quadri-

199 1303 322 1343 rusve,
357 1303 481 1336 etiam
516 1311 620 1335 anno
655 1305 754 1335 toto.
810 1304 933 1347 atque
968 1300 1092 1334 etiam
1127 1296 1289 1333 morbus
1324 1302 1386 1333 est

199 1357 515 1408 aliquantisper²
560 1360 799 1407 sapientiam
849 1359 962 1393 mori.
1027 1355 1175 1393 morbis
1227 1368 1387 1405 quoque

202 1421 307 1454 enim
355 1417 547 1467 quasdam
596 1416 705 1466 leges
753 1422 897 1452 natura
944 1417 1141 1464 inposuit:
1203 1413 1386 1464 quadrini

198 1479 384 1513 circuitus
403 1475 558 1512 febrem
576 1488 795 1525 numquam
813 1475 968 1517 bruma,
980 1485 1199 1523 numquam
1211 1471 1387 1510 hibernis

198 1535 400 1571 mensibus
447 1537 639 1584 incipere,
685 1533 878 1584 quosdam
923 1538 1015 1582 post
1061 1534 1385 1582 sexagensimum

201 1598 305 1631 vitae
327 1597 501 1644 spatium
523 1606 602 1630 non
623 1591 829 1636 accedere,
849 1591 934 1628 aliis
950 1591 966 1614 ³
985 1591 1202 1641 pubertate
1227 1590 1388 1640 deponi,

199 1653 355 1690 feminis
369 1655 583 1702 praecipue
597 1664 606 1695 ζ,
633 1664 748 1688 senes
761 1653 924 1687 minime
937 1653 1088 1687 sentire
1100 1649 1385 1699 pestilentiam.

201 1725 373 1762 namque
412 1717 454 1748 et
492 1714 685 1748 universis
722 1709 910 1760 gentibus
949 1712 1139 1759 ingruunt
1178 1707 1304 1745 morbi
1345 1713 1386 1745 et

199 1774 425 1822 generatim
468 1769 586 1807 modo
629 1771 799 1806 servitiis
843 1767 961 1805 modo
1004 1779 1216 1817 procerum
1259 1765 1386 1804 ordini

200 1830 376 1880 aliosque
401 1842 472 1879 per
494 1828 654 1879 gradus.
711 1841 790 1878 qua
812 1830 853 1864 in
875 1840 918 1864 re
942 1827 1199 1864 observatum
1223 1838 1247 1862 a
1270 1827 1388 1862 meri-

580 1915 589 1933 ¹
615 1918 666 1945 est
683 1913 758 1944 add.
777 1912 956 1946 Rackham.

582 1959 593 1976 ·'
618 1956 792 1988 Alcimus:
820 1956 942 1996 aliq-uis
956 1965 1025 1997 per.

581 1999 594 2017 ³
621 2000 775 2040 Mayhoff
787 2011 794 2030 :
825 1999 923 2030 alios.

204 2059 275 2095 618
