1515 2351
422 144 589 183 PLINY
605 159 613 183 z
666 146 932 184 NATURAL
968 146 1208 185 HISTORY

223 254 265 286 et
292 248 426 285 futuro
454 255 637 298 tempore
663 248 823 285 infelix!
865 262 944 286 non
971 249 1144 286 melioris
1170 251 1286 287 sortis
1311 255 1410 288 tunc

221 309 333 347 fuere
380 316 610 360 pereuntes,
656 323 825 360 quorum
871 313 1107 347 miseremur
1151 310 1271 348 hodie
1317 325 1409 348 cum

137 377 199 407 138
224 371 373 408 Sullam
396 385 514 409 nemo
535 385 613 408 non
636 371 794 409 oderit?
831 385 920 422 age,
942 385 1020 409 non
1043 375 1175 409 exitus
1196 375 1303 410 vitae
1326 375 1409 410 eius

221 436 398 471 omnium
430 436 742 484 proscriptorum
773 434 824 471 ab
854 433 920 471 illo
951 434 1182 472 calamitate
1213 434 1410 472 crudelior

221 494 298 532 fuit
327 495 520 532 erodente
549 508 591 532 se
621 498 705 546 ipso
733 508 898 546 corpore
927 501 970 533 et
998 495 1192 546 supplicia
1221 497 1294 533 sibi
1323 498 1409 547 gig-

221 557 372 594 nente?
417 557 524 607 quod
555 562 600 593 ut
629 556 939 594 dissimulaverit
968 563 1011 594 et
1040 570 1227 607 supremo
1256 560 1409 595 somnio

222 621 320 663 eius,
348 621 410 655 cui
439 621 662 655 inmortuus
692 618 988 668 quodammodo
1017 624 1092 663 est,
1120 619 1330 656 credamus
1358 620 1409 656 ab

221 694 300 717 uno
325 680 390 717 illo
415 680 605 717 invidiam
631 679 757 730 gloria
782 682 943 725 victam,
967 679 1042 717 hoc
1067 686 1204 718 tamen
1230 694 1376 732 nempe
1392 680 1407 704 ¹

221 741 404 779 felicitati
423 755 519 779 suae
539 741 714 779 defuisse
733 741 939 779 confessus
958 748 1021 779 est
1040 742 1148 792 quod
1166 742 1407 793 Capitolium

221 818 299 841 non
322 803 600 841 dedicavisset.

136 871 198 902 139
274 865 323 912 Q.
350 865 543 902 Metellus
566 868 605 902 in
630 879 678 903 ea
701 868 881 903 oratione
906 879 1025 916 quam
1049 865 1192 904 habuit
1214 868 1408 917 supremis

221 928 404 964 laudibus
426 930 552 978 patris
573 930 632 964 sui
657 927 701 964 L.
728 927 886 965 Metelli
910 928 1122 978 pontificis,
1143 929 1203 966 bis
1225 927 1408 974 consulis,

220 989 442 1034 dictatoris,
487 992 667 1040 magistri
717 992 914 1039 equitum,
948 992 1070 1026 xvviri
1110 992 1215 1040 agris
1252 989 1409 1035 dandis,

221 1053 287 1101 qui
314 1054 465 1101 primus
492 1050 728 1101 elephantos
756 1064 805 1088 ex
833 1053 960 1101 primo
989 1049 1136 1088 Punico
1161 1051 1266 1088 bello
1292 1051 1409 1089 duxit

219 1116 258 1150 in
286 1112 504 1163 triumpho,
530 1116 723 1163 scriptum
759 1112 920 1163 reliquit
947 1113 1086 1150 decem
1123 1115 1318 1150 maximas
1345 1125 1406 1150 res

220 1181 487 1225 optumasque
511 1177 550 1210 in
573 1175 716 1224 quibus
740 1174 980 1225 quaerendis
1002 1177 1204 1226 sapientes
1227 1180 1406 1212 aetatem

137 1243 198 1272 140
223 1239 434 1287 exigerent
473 1250 768 1274 consummasse
809 1250 924 1273 eum:
977 1236 1145 1274 voluisse
1186 1239 1292 1274 enim
1331 1238 1407 1287 pri-

221 1301 389 1336 marium
410 1298 647 1335 bellatorem
669 1311 770 1343 esse,
791 1301 987 1348 optimum
1009 1304 1223 1342 oratorem,
1244 1297 1406 1335 fortissi—

220 1374 330 1397 mum
360 1363 659 1411 imperatorem,
689 1362 864 1410 auspicio
892 1373 963 1397 suo
993 1363 1187 1397 maximas
1217 1373 1278 1397 res
1307 1362 1407 1411 geri,

221 1424 395 1459 maximo
418 1421 566 1459 honore
591 1424 663 1464 uti,
685 1435 841 1458 summa
862 1424 1060 1471 sapientia
1082 1435 1184 1464 esse,
1205 1435 1406 1459 summum

219 1490 448 1521 senatorem
484 1483 637 1528 haberi,
674 1486 886 1534 pecuniam
923 1496 1111 1533 magnam
1147 1483 1252 1520 bono
1289 1483 1406 1521 modo

219 1548 411 1589 invenire,
433 1545 580 1582 multos
602 1545 746 1582 liberos
769 1545 994 1595 relinquere
1017 1551 1059 1582 et
1080 1544 1344 1582 clarissimum
1366 1548 1405 1581 in

218 1610 381 1644 civitate
414 1619 523 1650 essc3
568 1606 668 1643 hacc
699 1609 913 1657 contigisse
946 1609 981 1643 ei
1014 1619 1088 1643 nec
1119 1606 1187 1643 ulli
1218 1606 1282 1642 alii
1315 1612 1404 1656 post

135 1674 192 1705 141
221 1669 388 1706 Romam
416 1669 632 1706 conditam.
690 1668 873 1719 Longum
901 1674 963 1705 est
991 1667 1173 1705 refellere
1202 1674 1244 1705 et
1271 1681 1406 1718 super-

620 1755 631 1774 ²
656 1754 832 1795 [nempe]?
851 1754 1013 1794 Mayhoff.

259 1885 273 1899 ⁸
300 1879 471 1914 Plutarch.
484 1879 581 1910 Sulla
596 1880 650 1915 37,
667 1880 760 1920 gives
777 1890 797 1909 a
812 1878 972 1910 different
987 1877 1256 1910 account—that
1271 1877 1404 1918 shortly

219 1922 331 1954 bosom
349 1923 399 1954 his
415 1922 519 1953 death
537 1922 577 1953 he
593 1923 728 1954 dreamt
741 1922 818 1953 that
835 1922 886 1953 his
902 1922 990 1953 dead
1005 1931 1067 1953 son
1083 1931 1179 1953 camo
1194 1925 1231 1953 to
1247 1921 1317 1953 him
1334 1921 1402 1953 and

219 1965 385 2006 besought
401 1965 471 1996 hjm
489 1970 525 1997 to
538 1976 632 1996 censo
649 1965 736 1996 from
754 1966 895 2005 anxiety
907 1964 974 1996 and
992 1969 1028 1996 to
1044 1975 1086 2005 go
1099 1964 1180 1996 with
1197 1963 1268 1996 him
1280 1968 1318 1996 to
1329 1965 1400 2005 join

218 2008 268 2039 his
284 2008 371 2040 dead
389 2008 523 2040 mother
538 2008 675 2040 Metella
691 2008 759 2039 aud
777 2012 813 2039 to
829 2007 895 2039 livo
912 2009 946 2039 in
963 2008 1145 2048 happiness
1164 2007 1245 2038 with
1261 2007 1331 2039 hor.

214 2070 287 2119 598
