1515 2351
378 128 544 167 PLINY
558 143 568 167 t
620 130 768 168 NATU
775 130 885 167 RAL
921 129 1158 168 HISTORY

178 247 269 284 pars
322 233 608 284 Burgodiones,
661 233 874 278 Varinnae,
927 233 1101 278 Charini,
1154 233 1357 277 Gutones3

179 288 350 324 alterum
389 301 516 338 genus
557 287 821 338 Inguaeones,
860 300 1028 337 quorum
1065 300 1156 338 pars
1195 286 1358 331 Cimbri,

97 346 158 376 100
176 341 348 378 Teutoni
394 354 439 378 ac
486 340 735 378 Chaucorum
780 347 947 392 gentes;
1005 343 1176 392 proximi
1220 346 1358 377 autem

177 393 316 431 Rheno
345 394 579 439 Istiaeones,
605 407 774 444 quorum
798 407 890 445 pars
915 393 1130 437 Sicambri;
1169 393 1359 431 mediter-

175 450 285 484 ranei
303 447 555 492 Hermiones,
571 460 739 498 quorum
755 447 889 492 Suebi,
906 447 1190 492 Hermunduri,
1206 446 1358 491 Chatti,

175 500 388 545 Cherusci3
444 503 585 551 quinta
625 514 716 552 pars
760 499 937 545 Peucini,
978 500 1197 538 Basternae
1239 513 1359 551 supra

175 555 292 591 dictis
341 556 580 592 contermini
632 554 764 592 Dacis.
830 567 967 591 amnes
1018 554 1112 591 clari
1162 567 1357 591 oceanum

177 608 364 645 defluunt
384 607 597 652 Guthalus,
618 607 797 645 Visculus
817 611 898 645 sive
919 607 1059 651 Vistla‚
1079 607 1206 651 Albis,
1225 607 1359 644 Visur-

174 664 248 711 gis,
287 663 447 706 Amisis,
487 661 662 706 Rhenus,
704 661 831 698 Mosa.
885 663 1078 698 introrsus
1115 674 1210 698 vero
1248 660 1356 698 nullo

174 714 339 752 inferius
359 714 571 752 nobilitate
592 715 838 766 Hercynium
857 717 995 766 iugum
1014 714 1304 766 praetenditur.

95 773 154 805 101
228 768 312 805 XV.
344 768 390 805 In
425 768 565 806 Rheno
598 775 734 806 autem
768 771 867 819 ipso,
900 781 1025 819 prope
1058 774 1081 806 ἓ
1113 771 1153 805 in
1186 768 1359 819 longitu-

174 822 325 866 dinem,
361 822 604 859 nobilissima
637 822 879 859 Batavorum
913 822 1040 859 insula
1074 828 1117 859 et
1151 821 1359 859 Cannene-

176 875 332 919 fatium,
349 881 391 912 et
413 875 514 912 aliae
538 875 767 920 Frisiorum,
790 875 1055 920 Chaucorum,
1071 875 1357 918 Frisiavonum,

176 928 413 974 Sturiorum,
469 928 758 966 Marsaciorum
812 942 915 980 quae
968 935 1202 966 sternuntur
1254 930 1360 965 inter

177 982 383 1020 Helinium
406 995 451 1019 ac
476 983 652 1020 Flevum.
706 986 765 1020 ita
787 982 1040 1033 appellantur
1063 985 1165 1020 ostia
1188 985 1228 1019 in
1253 994 1356 1032 quae

175 1035 321 1073 effusus
344 1035 506 1074 Rhenus
527 1049 551 1073 a
571 1039 849 1087 septentrione
871 1039 911 1073 in
934 1036 1053 1080 lacus,
1075 1037 1126 1073 ab
1147 1035 1358 1073 occidente

175 1092 215 1126 in
242 1103 402 1127 amnem
431 1089 589 1127 Mosam
614 1103 657 1127 se
683 1092 849 1140 spargit,
876 1089 1010 1126 medio
1035 1092 1141 1126 inter
1166 1088 1265 1126 haec
1290 1101 1358 1126 ore

176 1143 377 1180 modicum
395 1146 544 1180 nomini
561 1157 632 1181 suo
648 1144 877 1180 custodiens
895 1143 1063 1180 alveum.

96 1201 160 1233 102
231 1197 337 1234 XVI.
367 1197 429 1234 Ex
449 1197 614 1234 adverso
632 1195 748 1234 huius
766 1199 865 1234 situs
884 1196 1091 1233 Britannia
1109 1196 1236 1233 insula
1253 1195 1359 1233 clara

177 1250 340 1288 Graecis
368 1253 593 1301 nostrisque
620 1253 878 1287 monimentis
906 1253 1012 1287 inter
1039 1252 1359 1300 septentrionem

176 1310 217 1341 et
239 1304 489 1341 occidentem
514 1307 633 1349 iacet,
653 1304 908 1349 Germaniae,
934 1303 1102 1348 Galliae,
1129 1304 1359 1354 Hispaniae,

176 1358 302 1395 multo
333 1360 516 1395 maximis
547 1358 732 1409 Europae
762 1358 943 1409 partibus
973 1370 1121 1407 magno
1149 1355 1359 1394 intervallo

175 1411 352 1448 adversa.
409 1411 555 1448 Albion
590 1414 663 1462 ipsi
698 1425 845 1448 nomen
879 1410 969 1455 fuit,
1003 1424 1094 1448 cum
1128 1410 1358 1447 Britanniae

175 1471 412 1502 vocarentur
446 1478 584 1502 omnes
619 1465 672 1502 de
707 1466 850 1516 quibus
885 1478 978 1501 mox
1013 1464 1132 1515 paulo
1166 1464 1358 1502 dicemus.

175 1517 273 1555 haec
321 1519 437 1556 abest
473 1533 496 1555 a
533 1518 747 1556 Gesoriaco
792 1517 1039 1555 Morinorum
1075 1520 1208 1569 gentis
1244 1517 1359 1554 litore

174 1575 355 1622 proximo
391 1575 561 1609 traiectu
597 1578 629 1610 s„
660 1574 826 1609 circuitu
852 1578 992 1622 patere
1025 1572 1224 1623 ΙῖὁωῦενἿΠι
1264 1577 1362 1608 ιῖῐχῖ

177 1624 353 1676 Pytheas
384 1631 427 1663 et
459 1625 634 1663 Isidorus
664 1625 844 1670 tradunt,
875 1637 950 1662 xxx
979 1636 1104 1676 prope
1135 1626 1215 1660 iam
1245 1627 1358 1661 annis

220 1726 236 1741 ⁰
259 1722 409 1763 Perhaps
425 1722 483 1753 the
501 1722 600 1754 oder.

224 1765 235 1783 ⁶
260 1765 350 1797 Used
367 1776 404 1796 ae
420 1776 440 1796 a
455 1765 589 1805 general
606 1775 706 1796 name
722 1765 774 1796 for
789 1764 833 1796 au
850 1764 909 1796 the
926 1764 1122 1796 mountains
1138 1763 1174 1795 oi
1189 1763 1358 1796 Southern

177 1808 244 1839 and
261 1807 396 1839 Central
414 1808 595 1849 Germany.

223 1856 234 1871 ⁶
260 1851 441 1892 Dionysius
466 1851 656 1891 Perieyas‘in,
672 1849 770 1882 Τέων
784 1863 835 1882 τοι
859 1850 995 1891 μέγεθος
1015 1849 1200 1891 περιώσιον,
1216 1848 1294 1882 οὐδέ
1309 1861 1360 1884 τις

177 1893 259 1936 ἄλλη
276 1893 398 1934 Νήσοις
414 1892 449 1925 ἐν
464 1892 600 1925 πάσαισι
616 1893 828 1934 Βρετάννεσιν
843 1892 1035 1934 ἰσοφαρίζει.

220 1936 235 1956 ⁴
260 1937 444 1977 Boulogne.

220 1984 232 1999 ⁶
253 1980 334 2011 This
354 1981 379 2011 is
397 1990 440 2011 an
458 1983 726 2011 ovet-statement
744 1990 830 2012 even
847 1979 873 2012 is
896 1979 1074 2012 measured
1091 1983 1128 2011 to
1146 1978 1204 2011 the
1222 1979 1357 2012 Roman

178 2023 240 2054 fort
266 2023 300 2054 of
322 2023 504 2064 Rutupiae,
526 2022 778 2064 Richborough.

187 2070 254 2114 196
