1515 2351
153 396 195 426 52

153 1200 194 1231 53

423 101 553 141 PLIN
555 103 591 140 Y
607 116 615 140 :
668 103 934 141 NATURAL
971 103 1210 142 HISTORY

221 206 391 251 Alsium,
409 206 633 257 Fregenae,
646 206 802 244 Tiberis
819 209 946 244 amnis
965 219 988 242 a
1008 206 1149 244 Macra
1167 212 1354 246 cc—Lxxxrv
1370 221 1410 258 p.

222 268 336 306 Intus
354 268 534 306 coloniae
555 268 708 305 Falisca
726 268 846 318 Argis
865 273 954 305 orta
973 267 1036 318 (ut
1055 274 1195 305 auctor
1213 274 1276 306 est
1294 268 1413 320 Cato)

221 343 326 380 quae
366 332 674 381 cognominatur
713 329 988 373 Etruscorum,
1030 328 1162 367 Lucus
1203 329 1413 374 Feroniae,

224 391 454 435 Rusellana,
491 389 706 434 Seniensis,
744 389 919 428 Sutrina.
973 390 1025 428 de
1061 396 1198 428 cetero
1235 391 1411 429 Arretini

221 452 405 498 Veteres,
449 453 627 490 Arretini
671 452 938 497 Fidentiores,
982 452 1159 490 Arretini
1205 452 1413 497 Iulienses,

220 515 509 558 Amitinenses‚
537 515 750 564 Aquenses
777 517 1015 565 cognomine
1043 514 1220 559 Taurini,
1240 514 1414 559 Blerani,

221 576 504 620 Cortonenses,
516 575 761 626 Capenates,
773 575 925 613 Clusini
938 575 1053 620 Novi,
1065 575 1217 613 Clusini
1230 575 1413 620 Veteres,

223 638 442 675 Florentini
497 637 739 688 praefluenti
793 637 904 675 Arno
959 637 1146 688 adpositi,
1202 637 1413 683 Faesulae,

224 700 498 743 Ferentinum,
527 699 761 743 Fescennia,
787 698 1030 743 Hortanum,
1056 699 1309 744 Herbanum,
1335 699 1415 738 Ne-

221 767 331 812 peta,
361 760 515 798 Novem
546 760 659 812 Pagi,
689 760 948 798 Praefectura
987 760 1156 798 Claudia
1194 761 1415 806 Foroclodi,

222 822 450 868 Pistorium,
481 822 660 867 Perusia,
689 821 930 867 Suanenses,
959 822 1163 860 Saturnini
1194 826 1261 874 qui
1293 829 1415 861 antea

221 885 362 922 Aurini
409 884 672 929 vocabantur,
717 883 949 929 Subertani,
995 883 1274 929 Statonenses,
1319 884 1415 922 Tar-

221 949 465 997 quinienses,
494 947 798 991 Tuscanienses,
828 945 1152 991 Vetulonienses,
1183 946 1414 992 Veientani,

222 1008 445 1053 Vesontini‚
457 1007 728 1052 Volaterrani,
740 1007 980 1045 volcentani
991 1011 1230 1059 cognomine
1242 1008 1415 1053 Etrusci,

223 1070 502 1108 Volsinienses.
559 1073 599 1106 in
632 1069 775 1107 eadem
808 1076 925 1120 parte
958 1069 1196 1120 oppidorum
1230 1076 1413 1108 veterum

222 1123 383 1169 nomina
402 1134 581 1169 retinent
601 1134 686 1181 agri
706 1131 1001 1175 Crustuminus,
1021 1131 1274 1169 Caletranus.

274 1193 428 1231 Tiberis
457 1199 579 1231 antea
605 1193 776 1244 Thybris
805 1194 1032 1244 appellatus
1061 1199 1103 1230 et
1131 1197 1240 1243 prius
1268 1193 1415 1231 Albula

223 1269 245 1294 e
278 1255 413 1292 media
446 1254 531 1293 fere
564 1255 817 1306 longitudine
851 1256 1082 1305 Appennini
1119 1255 1262 1292 finibus
1296 1255 1415 1293 Arre-

222 1320 397 1354 tinorum
442 1316 619 1367 profluit,
663 1320 797 1354 tenuis
842 1320 970 1367 primo
1015 1330 1090 1354 nec
1135 1320 1208 1354 nisi
1254 1319 1414 1367 piscinis

221 1382 440 1417 corrivatus
481 1382 730 1429 emissusque
770 1379 1021 1429 navigabilis,
1060 1381 1177 1416 sicuti
1217 1378 1333 1416 Tinia
1372 1385 1414 1417 et

222 1440 361 1478 Glanis
389 1440 604 1478 influentes
638 1444 679 1477 in
713 1454 819 1485 eum,
848 1453 1093 1478 novenorum
1127 1443 1185 1478 ita
1216 1447 1415 1491 conceptu

222 1502 392 1547 dierum,
410 1506 442 1540 si
462 1516 540 1539 non
560 1502 752 1540 adiuvent
772 1502 931 1539 imbres.
987 1502 1059 1540 sed
1075 1502 1230 1539 Tiberis
1248 1508 1415 1552 propter

223 1577 364 1614 aspera
401 1570 443 1602 et
478 1563 715 1615 confragosa
750 1577 802 1602 ne
837 1567 892 1602 sic
929 1564 1091 1615 quidem
1127 1569 1412 1614 praeterquam

222 1626 403 1663 trabibus
431 1629 560 1663 verius
588 1640 709 1676 quam
736 1626 889 1663 ratibus
917 1625 1036 1676 longe
1063 1625 1260 1669 meabilis,
1286 1624 1415 1663 fertur

222 1701 294 1738 per
315 1694 359 1726 ἓῖ
374 1701 428 1737 ρ.,
444 1701 522 1725 non
544 1688 681 1737 procul
700 1687 863 1725 Tiferno
885 1686 1130 1737 Perusiaque
1152 1693 1194 1724 et
1216 1686 1414 1732 Ocriculo,

223 1749 424 1787 Etruriam
458 1749 508 1786 ab
543 1749 705 1787 Umbris
737 1763 783 1786 ac
814 1748 985 1793 Sabinis,
1017 1762 1109 1786 mox
1141 1752 1242 1786 citra
1273 1755 1342 1787 5571
1373 1762 1412 1800 p.

443 1859 456 1873 ⁶
479 1854 565 1885 Now
582 1853 720 1887 Arezzo.
1000 1853 1012 1874 θ
1035 1853 1195 1886 Cortona.

445 1902 456 1916 ‘
477 1897 603 1929 Chiusi.
997 1895 1012 1916 ‘¹
1035 1897 1205 1929 Florence.

442 1945 453 1959 ‘
477 1940 617 1972 Fiesole.
1001 1938 1013 1961 s
1033 1939 1203 1972 Volterra.

755 1982 911 2016 Bolseua.

226 2049 275 2082 40
