1515 2351
113 437 170 469 113

111 871 170 901 114

110 1303 171 1334 115

109 1670 170 1701 116

393 143 560 181 PLINY
575 158 583 181 z
637 144 902 182 NATURAL
939 144 1178 182 HISTORY

194 248 313 285 nobili
330 250 450 285 trium
465 250 686 297 sapientiae
701 260 911 297 procerum
925 248 976 284 ab
991 247 1163 285 Athenis
1176 247 1381 299 legatione

194 310 332 347 audito
366 309 574 346 Carneade
608 311 903 359 quamprimum
936 309 1091 359 legatos
1125 322 1192 347 eos
1225 313 1381 347 censuit

193 371 471 415 dimittendos,
504 373 692 421 quoniam
725 370 790 408 illo
824 373 905 407 viro
939 377 1251 421 argumentante
1285 372 1381 422 quid

196 435 277 469 veri
295 438 401 469 esset
419 432 517 469 haut
535 432 649 469 facile
667 432 837 469 discerni
854 438 1001 482 posset.
1058 439 1210 483 quanta
1226 447 1381 471 morum

193 494 476 531 commutatio!
511 494 577 531 ille
596 507 755 544 semper
774 493 949 544 alioquin
969 496 1172 532 universos
1193 508 1242 532 ex
1264 495 1381 532 Italia

193 555 398 606 pellendos
416 558 573 592 censuit
591 555 780 600 Graecos,
798 561 841 592 at
858 569 1056 606 pronepos
1075 559 1158 593 eius
1179 556 1380 594 Uticensis

194 618 295 654 Cato
342 631 466 654 unum
514 631 563 655 ex
610 618 821 654 tribunatu
867 617 1040 654 militurn
1086 617 1381 668 philosophum,

193 679 365 716 alterum
385 693 434 716 ex
455 679 601 729 Cypria
619 679 823 730 legatione
843 679 1094 729 deportavit3
1128 680 1381 730 eandemque

193 741 370 791 linguam
392 754 441 778 ex
463 741 618 778 duobus
640 741 860 778 Catonibus
880 743 920 777 in
941 741 1006 778 illo
1028 742 1225 792 abegisse,
1245 744 1286 778 in
1306 741 1380 779 hoc

192 806 429 853 importasse
453 803 711 840 memorabile
736 809 809 840 est.

246 865 324 902 Sed
359 871 401 902 et
435 870 660 902 nostrorum
694 865 861 915 gloriam
895 878 1215 915 percenseamus.
1271 864 1382 904 Prior

194 926 404 964 Africanus
445 926 493 973 Q.
531 927 648 964 Ennii
683 933 862 964 statuam
896 926 1105 977 sepulchro
1139 940 1210 964 suo
1243 930 1379 978 inponi

193 991 320 1033 iussit,
351 988 582 1038 clarumque
614 989 711 1026 illud
742 1002 903 1033 nomen,
934 991 1055 1026 immo
1086 1002 1180 1026 vero
1210 989 1380 1040 spolium

194 1063 243 1087 ex
265 1053 387 1087 tertia
408 1052 512 1087 orbis
533 1056 649 1101 parte
670 1057 846 1101 raptum,
867 1054 907 1087 in
927 1053 1060 1088 cinere
1082 1064 1268 1101 supremo
1288 1065 1379 1089 cum

193 1118 338 1162 poetae
359 1112 478 1149 titulo
498 1112 589 1163 legi.
646 1113 771 1150 Divus
793 1114 1000 1163 Augustus
1019 1115 1196 1150 carmina
1215 1113 1379 1165 Vergilii

192 1177 360 1211 eremari
386 1181 525 1211 contra
551 1177 788 1212 testamenti
815 1177 899 1212 eius
927 1175 1209 1212 verecundiam
1235 1178 1380 1221 vetuit,

194 1239 401 1287 maiusque
424 1239 481 1273 ita
503 1239 585 1274 vati
607 1239 882 1274 testimonium
905 1239 1076 1288 contigit
1097 1251 1219 1288 quam
1241 1239 1272 1274 si
1294 1240 1379 1288 ipse

195 1312 266 1335 sua
295 1299 555 1349 probavisset.
612 1298 671 1336 M.
702 1299 888 1336 Varronis
917 1301 958 1335 in
987 1298 1245 1344 bibliotheca,
1275 1312 1379 1350 quae

193 1362 321 1410 prima
346 1363 386 1396 in
412 1361 507 1397 orbe
535 1361 585 1397 ab
612 1362 750 1397 Asinio
777 1359 952 1397 Pollione
980 1373 1030 1398 ex
1056 1361 1254 1398 manubiis
1279 1362 1380 1412 pub-

193 1422 312 1458 licata
343 1422 494 1460 Romae
525 1428 602 1467 est,
633 1425 748 1459 unius
778 1425 948 1459 viventis
978 1425 1110 1473 posita
1139 1425 1272 1474 imago
1303 1429 1380 1470 est,

193 1482 300 1519 haud
321 1486 487 1528 minore,
501 1490 546 1520 ut
563 1484 751 1533 equidem
768 1497 869 1528 reor,
885 1483 1012 1534 gloria
1026 1486 1204 1534 principe
1220 1490 1378 1523 oratore

193 1550 235 1581 et
254 1547 338 1581 cive
359 1558 409 1582 ex
428 1545 495 1581 illa
513 1547 763 1595 ingeniorum
784 1557 887 1595 quae
907 1550 1003 1582 tune
1023 1544 1099 1582 fuit
1118 1545 1378 1584 multitudine

195 1608 259 1642 uni
288 1605 388 1643 hane
414 1620 600 1643 coronam
627 1607 750 1643 dante
778 1619 898 1656 quam
924 1620 1014 1643 cum
1041 1607 1175 1644 eidem
1203 1606 1378 1658 Magnus

195 1665 407 1717 Pompeius
438 1670 605 1718 piratico
638 1681 687 1704 ex
721 1667 825 1705 bello
863 1667 1046 1705 navalem
1083 1667 1209 1706 dedit.
1262 1671 1377 1706 innu-

234 1794 248 1807 ⁰
272 1788 311 1819 In
333 1790 391 1819 155
410 1798 487 1826 13.e.,
505 1795 543 1820 to
559 1790 742 1831 deprecate
765 1789 824 1821 the
837 1790 905 1821 fine
928 1790 1081 1831 imposed
1105 1801 1148 1821 on
1170 1790 1304 1823 Athens
1324 1791 1377 1824 for

192 1831 250 1863 the
267 1832 481 1864 destruction
500 1832 539 1863 of
552 1832 698 1874 Oropus.

236 1874 248 1893 ⁶
273 1874 305 1906 It
344 1876 371 1906 is
409 1879 472 1906 not
508 1875 631 1906 known
671 1876 748 1907 who
779 1876 849 1908 this
881 1887 961 1908 was.
1009 1876 1056 1908 As
1091 1881 1128 1908 to
1160 1877 1218 1909 the
1249 1878 1375 1910 second

193 1917 415 1959 philosopher
440 1923 478 1949 at
503 1918 546 1949 all
570 1923 701 1956 events,
724 1919 752 1950 it
773 1930 817 1961 ap
845 1930 919 1951 ears
941 1919 1020 1951 that,
1041 1920 1069 1951 it
1091 1930 1160 1951 was
1182 1920 1235 1952 hie
1259 1925 1376 1953 statuo

192 1961 271 1991 that
294 1960 380 1992 Cato
406 1961 555 2003 brought
579 1966 616 1993 to
640 1960 769 1998 Rome;
804 1967 818 1994 t
846 1963 872 1994 is
895 1973 963 1994 was
981 1963 1083 2000 Zeno,
1102 1963 1160 1994 the
1177 1963 1324 1996 founder
1339 1963 1380 1996 of

192 2004 250 2034 the
267 2003 361 2034 Stoic
377 2004 513 2036 school:
539 2015 594 2036 see
612 2004 780 2036 XXXIV.
799 2016 827 2038 c.
847 2006 886 2037 19
903 2004 1019 2045 adfin.

193 2065 264 2112 580
