1515 2351
410 121 600 161 PLINY:
651 123 917 160 NATURAL
955 123 1192 162 HISTORY

139 233 182 263 90
209 240 331 264 mum.
397 227 560 277 quidam
593 239 661 264 eos
694 229 734 262 in
766 229 895 277 prima
926 232 1043 277 parte
1076 227 1198 264 Asiae
1230 226 1392 266 litorum

139 835 178 865 91

205 315 387 353 posuere,
405 315 484 338 non
501 304 541 338 in
559 301 732 352 Europa,
751 304 844 352 quia
861 308 953 338 sunt
971 302 1025 339 ibi
1043 301 1161 339 simili
1177 308 1391 341 consuetu-

206 377 299 414 dine
325 383 368 414 et
393 379 471 414 situ
497 377 737 414 Attacorum
763 379 947 420 nomine3
988 377 1053 414 alii
1079 377 1233 415 medios
1259 377 1393 416 fecere

207 465 274 489 eos
324 454 431 490 inter
481 458 696 502 utrumque
748 451 887 496 solem,
939 453 1177 503 antipodum
1228 466 1390 491 occasus

207 530 536 578 exorientemque
554 533 748 572 nostrum,
766 527 873 578 quod
891 527 975 564 fieri
993 527 1101 565 nullo
1118 528 1239 565 modo
1256 535 1394 579 potest

207 609 291 641 tam
320 609 432 640 vasto
463 606 560 640 mari
590 605 896 640 interveniente.
951 605 1019 654 qui
1047 616 1127 640 non
1155 603 1248 640 alibi
1273 617 1393 654 quam

207 681 247 716 in
273 681 484 717 semenstri
511 678 598 715 luce
625 681 871 716 constituere
900 691 981 723 eos,
1008 692 1143 716 serere
1170 681 1395 724 matutinis,

207 754 373 791 meridie
397 760 565 797 metere,
588 754 799 791 occidente
822 753 929 791 fetus
953 755 1139 791 arborum
1161 754 1395 805 decerpere,

210 830 392 867 noctibus
433 831 473 866 in
514 842 655 880 specus
695 829 813 866 condi
853 829 1118 866 tradiderunt.
1187 842 1261 867 nec
1299 829 1396 867 licet

208 905 392 942 dubitare
415 904 466 941 de
488 910 613 955 gente
636 917 705 941 ea:
742 909 805 941 tot
829 910 1012 941 auctores
1034 904 1210 955 produnt
1234 903 1395 956 frugum

208 982 400 1031 primitias
449 979 585 1017 solitos
636 979 784 1016 Delum
834 982 997 1016 mittere
1040 979 1229 1029 Apollini,
1273 993 1394 1030 quem

208 1058 421 1106 praecipue
461 1054 608 1092 colunt.
664 1056 836 1105 virgines
876 1054 1063 1092 ferebant
1104 1068 1171 1092 eas
1212 1054 1395 1106 hospitiis

208 1133 390 1181 gentium
410 1144 482 1181 per
501 1143 624 1168 annos
644 1129 796 1181 aliquot
815 1130 1079 1174 venerabiles,
1099 1129 1228 1167 donec
1248 1130 1396 1168 violata

210 1206 287 1243 fide
308 1208 347 1242 in
368 1207 558 1257 proximis
579 1205 803 1242 accolarum
825 1205 967 1242 finibus
989 1205 1193 1256 deponere
1215 1218 1326 1243 sacra
1347 1218 1396 1242 ea

209 1283 432 1326 instituere,
455 1280 576 1332 hique
605 1281 656 1317 ad
684 1283 952 1318 conterminos
981 1280 1154 1325 deferre,
1186 1286 1308 1331 atque
1339 1283 1396 1318 ita

210 1355 357 1394 Delum
375 1370 512 1407 usque.
568 1370 660 1393 mox
679 1362 721 1393 et
737 1355 812 1393 hoc
829 1358 958 1407 ipsum
976 1355 1165 1393 exolevit.

259 1431 494 1476 Sarmatiae,
518 1431 719 1482 Scythiae,
741 1431 950 1476 Tauricae,
973 1433 1180 1482 omnisque
1205 1444 1228 1468 a
1251 1430 1394 1482 Borys-

207 1506 330 1544 thene
367 1520 485 1544 amne
521 1513 673 1544 tractus
708 1506 918 1557 longitudo
955 1512 1187 1551 becccnxxx‚
1223 1505 1397 1544 latitudo

210 1588 348 1621 ffxVi
375 1595 399 1619 a
427 1581 484 1618 M.
513 1583 693 1633 Agrippa
720 1581 870 1619 tradita
903 1587 987 1626 est3
1027 1594 1103 1632 ego
1132 1583 1326 1618 incertam
1355 1583 1395 1618 in

209 1657 282 1695 hac
300 1665 496 1695 terrarum
514 1664 629 1708 parte
648 1671 875 1694 mensuram
894 1658 1074 1695 arbitror.

260 1733 407 1770 Verum
433 1735 618 1770 instituto
643 1732 781 1769 ordine
806 1731 959 1783 reliqua
984 1731 1099 1769 huius
1124 1734 1231 1769 sinus
1257 1731 1394 1769 dican-

209 1814 296 1853 tur3
328 1814 371 1846 et
388 1810 513 1845 maria
531 1808 693 1859 quidem
713 1810 796 1845 cius
815 1809 1140 1858 nuncupavimus.

543 1984 559 2000 ⁰
580 1980 654 2019 E.9.
673 1978 873 2010 Herodotus
890 1987 937 2010 ιν.
956 1979 997 2010 32
1010 1978 1044 2010 ff.

215 2043 283 2079 188
