1515 2351
410 176 578 214 PLINY
591 191 601 214 z
653 177 917 215 NATURAL
954 176 1191 215 HISTORY

213 293 269 345 [in
301 294 590 346 bibliotheca]1
624 310 713 332 cum
747 299 1003 346 inscriptione
1038 295 1130 332 tali:
1176 298 1391 334 NAYEIK-

215 351 380 389 PATHE
407 353 649 388 ΑΝΕΘΕΤΟ
678 353 764 388 ΤΑΙ
784 352 906 388 ΔΙΟΣ
928 352 1085 387 KOPAI
1106 352 1210 388 TAN
1232 352 1391 387 ΔΕΚΑ-

214 406 317 439 ΤΑΝ
349 431 358 439 .
389 431 398 439 .
430 431 438 439 .

128 458 185 489 211
267 454 374 492 LIX.
406 454 585 505 Sequens
623 458 805 506 gentium
838 468 1051 492 consensus
1089 457 1130 492 in
1165 455 1391 492 tonsoribus

213 507 303 552 fuit,
315 508 386 545 sed
400 508 585 546 Romanis
598 509 761 546 tardior.
815 511 854 545 in
868 508 1026 546 Italiam
1040 521 1089 545 ex
1101 507 1234 545 Sicilia
1245 521 1392 546 venere

212 567 303 610 post
333 561 500 598 Romam
529 562 732 599 conditam
761 575 864 599 anno
902 574 1054 599 ccccmv
1091 561 1317 599 adducente
1348 561 1390 598 P.

211 614 358 652 Titinio
393 615 531 660 Mena,
563 622 607 653 ut
640 621 779 653 auctor
810 621 872 653 est
903 615 1049 659 Varro;
1095 620 1216 652 antea
1246 617 1392 652 intonsi

213 667 338 705 fuere.
392 671 543 718 primus
577 672 754 706 omnium
785 669 870 706 radi
903 668 1049 706 cotidie
1082 671 1256 706 instituit
1289 667 1394 705 Afri-

212 734 332 758 canus
356 734 540 772 sequens.
595 723 704 760 divos
729 723 935 774 Augustus
959 722 1095 759 cultris
1118 735 1278 772 semper
1300 735 1392 759 usus

211 781 285 812 est.

128 832 190 863 212
265 827 348 865 LX.
373 829 530 866 Tertius
540 843 754 866 consensus
766 829 841 866 fuit
854 832 894 866 in
906 828 1091 865 horarum
1102 829 1393 873 observatione,

212 884 290 918 iam
307 881 368 918 hic
379 883 394 906 ²
406 886 560 920 ratione
570 884 586 907 ³
599 883 806 927 accedens,
819 882 978 933 quando
992 889 1033 919 et
1046 895 1069 918 a
1082 895 1160 933 quo
1174 885 1213 918 in
1226 882 1394 919 Graecia

213 941 389 985 reperta,
403 935 573 974 diximus
588 936 763 974 secundo
777 936 989 973 volumine.
1042 938 1167 974 serius
1183 938 1306 973 etiam
1319 934 1393 973 hoc

215 987 365 1026 Romae
386 992 579 1041 contigit:
609 1003 666 1027 ΧΠ
685 989 833 1027 tabulis
857 995 968 1027 ortus
987 995 1148 1027 tantum
1168 995 1211 1026 et
1233 1001 1393 1027 occasus

213 1045 483 1088 nominantur,
525 1050 617 1093 post
660 1043 813 1094 aliquot
855 1056 979 1080 annos
1023 1041 1202 1080 adiectus
1246 1048 1308 1080 est
1351 1047 1394 1080 et

213 1096 415 1140 meridies»,
443 1109 609 1134 accenso
636 1097 842 1134 consulum
870 1096 911 1134 id
937 1099 1224 1147 pronuntiante
1251 1109 1343 1133 cum
1370 1109 1394 1132 a

212 1152 320 1186 curia
361 1153 467 1187 inter
508 1150 652 1187 Rostra
694 1155 736 1188 et
777 1149 1073 1188 Graecostasim
1114 1152 1394 1200 proxpexisset

210 1202 347 1239 solem.
403 1216 426 1239 a
460 1203 644 1240 columna
683 1204 846 1241 Maenia
881 1203 933 1241 ad
967 1216 1167 1240 carcerem
1203 1202 1393 1240 inclinato

212 1255 343 1293 sidere
356 1269 584 1306 supremam
597 1260 886 1307 pronuntiavit,
898 1256 970 1294 sed
983 1256 1056 1294 hoc
1068 1259 1218 1294 serenis
1232 1262 1393 1294 tantum

127 1314 190 1345 213
215 1308 370 1354 diebus,
386 1323 512 1360 usque
530 1310 581 1347 ad
597 1313 769 1361 primum
787 1310 979 1347 Punicum
995 1310 1157 1348 bellum.
1211 1313 1393 1360 princeps

214 1362 400 1400 Romanis
416 1363 604 1401 solarium
623 1363 870 1415 horologium
888 1367 1076 1401 statuisse
1094 1369 1189 1401 ante
1208 1363 1393 1401 undecim

213 1429 335 1453 annos
351 1430 471 1467 quam
485 1431 575 1454 cum
590 1417 716 1468 Pyrro
729 1417 925 1455 bellatum
941 1423 1001 1455 est
1016 1417 1067 1454 ad
1081 1417 1222 1454 aedem
1239 1416 1392 1464 Quirini

214 1469 259 1506 L.
287 1469 465 1520 Papirius
491 1471 651 1515 Cursor,
675 1484 765 1508 cum
790 1484 879 1508 eam
905 1470 1111 1508 dedicaret
1135 1483 1158 1507 a
1182 1477 1298 1521 patre
1322 1483 1393 1507 suo

212 1528 362 1567 votam,
391 1537 415 1560 a
445 1524 567 1561 Fabio
596 1524 759 1562 Vestale
789 1524 994 1574 proditur;
1036 1523 1109 1561 sed
1137 1536 1268 1574 neque
1297 1522 1392 1561 sacti

211 1575 391 1628 horologi
419 1581 616 1615 rationem
646 1578 708 1615 vel
736 1578 930 1615 artificem
958 1577 1154 1628 significat
1184 1591 1258 1615 nec
1287 1577 1393 1615 unde

211 1630 452 1667 translatum
473 1635 525 1668 sit
546 1638 617 1669 aut
638 1631 745 1682 apud
767 1645 886 1681 quem
907 1635 1099 1681 scriptum
1122 1631 1161 1668 id
1181 1634 1391 1668 invenerit.

126 1687 191 1719 214
218 1683 275 1720 M.
313 1683 436 1721 Varro
469 1688 641 1734 primum
675 1691 874 1722 statutum
909 1687 950 1722 in
983 1685 1142 1735 publico
1174 1684 1392 1722 secundum

425 1779 437 1799 ¹
461 1779 543 1810 seez.
561 1779 723 1820 Maylnjs.
964 1781 975 1798 2
1005 1777 1055 1810 ιῑι.
1073 1779 1162 1810 hinc.

643 1824 655 1841 ³
686 1822 737 1853 ill.
756 1822 937 1853 rationem.

479 1961 494 2020 ἶ
516 1957 603 1989 Text
622 1957 690 2010 and
709 1957 867 1998 meaning
884 1967 940 1988 nro
957 1956 1130 1988 doubtful.

476 2049 487 2062 ‘
509 2001 635 2085 {gegis-3¹11
645 2025 706 2076 {281
726 2053 790 2076 B.c.

210 2105 280 2150 648
