1515 2351
141 218 183 249 67

142 898 184 927 58

142 1206 183 1235 50

413 108 580 146 PLINY
595 123 604 146 ε
656 108 922 146 NATURAL
958 108 1196 147 HISTORY

211 218 342 250 matre
377 212 552 249 condita.
607 212 701 249 dein
738 211 941 262 quondam
978 211 1277 262 Aphrodisium,
1312 211 1396 249 An-

208 278 310 311 tium
333 274 502 317 colonia,
526 274 676 310 Astura
700 273 850 311 flumen
874 279 916 310 et
940 273 1083 317 insula,
1107 273 1248 310 fluvius
1274 273 1397 324 Nym-

209 335 375 385 phaeus,
415 334 571 372 Clostra
612 335 806 379 Romana,
846 335 984 372 Cercei
1026 335 1229 385 quondam
1269 334 1396 372 insula

210 400 389 434 inmenso
417 397 579 447 quidem
614 399 714 433 mari
742 396 1005 440 circumdata,
1035 402 1080 433 ut
1109 395 1286 433 creditur
1314 395 1396 433 Ho-

210 472 333 503 mero,
367 465 409 496 et
443 471 546 495 nunc
579 458 759 508 planitie.
824 461 969 496 mirum
1003 463 1065 495 est
1099 457 1206 508 quod
1237 457 1313 494 hac
1346 457 1396 495 de

210 534 252 558 re
302 520 463 558 tradere
514 519 721 557 hominum
772 523 942 557 notitiae
993 533 1214 570 possumus.
1268 518 1394 556 Theo-

209 581 410 632 phrastus,
433 585 499 632 qui
523 585 673 631 primus
696 588 955 619 externorum
978 581 1112 631 aliqua
1135 581 1186 618 de
1209 581 1396 619 Romanis

209 643 441 694 diligentius
476 647 779 693 scripsit—nam
813 643 1111 693 Theopompus,
1145 649 1241 680 ante
1276 656 1397 693 quem

210 718 328 742 nemo
354 708 602 742 mentionem
628 705 784 749 habuit,
811 705 952 742 urbem
979 705 1195 742 dumtaxat
1221 717 1244 742 a
1271 704 1397 742 Gallis

208 773 369 817 captam
393 766 509 811 dixit,
532 766 757 804 Clitarchus
781 767 831 803 ab
855 780 902 804 eo
924 769 1129 817 proximus
1151 766 1396 817 legationem

208 834 369 866 tantum
392 829 443 865 ad
466 828 742 865 Alexandrum
765 827 1042 866 missam—hic
1063 831 1142 864 iam
1165 828 1254 878 plus
1276 841 1396 879 quam

213 903 262 928 ex
302 890 410 927 fama
440 890 693 928 Cerceiorum
722 890 875 927 insulae
915 896 958 927 et
996 903 1224 927 mensuram
1264 892 1398 940 posuit

208 952 340 990 stadia
370 965 466 989 Lxxx
497 955 536 989 in
567 965 615 990 eo
644 952 845 989 volumine
876 952 983 1002 quod
1013 954 1169 1001 scripsit
1200 951 1398 989 Nicodoro

209 1013 520 1051 Atheniensium
564 1017 805 1065 magistratu
850 1017 917 1064 qui
963 1013 1039 1050 fuit
1084 1013 1192 1051 urbis
1236 1019 1397 1051 nostrae

209 1088 347 1112 ccccxn
379 1089 496 1113 anno.
552 1076 742 1126 quicquid
776 1089 872 1126 ergo
905 1081 1104 1113 terrarum
1140 1081 1201 1112 est
1235 1081 1399 1125 praeter

210 1143 233 1176 i
257 1151 295 1188 p.
323 1138 497 1176 ambitus
522 1137 724 1175 adnexum
749 1138 903 1174 insulae
927 1142 1018 1187 post
1044 1150 1135 1174 cum
1161 1150 1310 1174 annum
1334 1150 1397 1174 ac-

211 1202 331 1236 cessit
374 1199 529 1236 Italiae.
594 1199 702 1236 aliud
744 1199 977 1236 miraculum
1020 1212 1043 1235 a
1085 1198 1242 1236 Cerceis
1283 1198 1397 1249 palus

211 1260 424 1310 Pomptina
471 1267 545 1305 est,
592 1275 712 1312 quem
757 1261 888 1298 locum
934 1273 1025 1298 xx1v
1071 1260 1228 1297 urbium
1275 1259 1396 1298 fuisse

212 1322 424 1360 Mucianus
451 1329 515 1360 ter
540 1323 675 1360 consul
704 1322 892 1373 prodidit.
947 1322 1041 1376 dein
1069 1322 1217 1360 flumen
1245 1321 1396 1359 Aufen-

209 1390 311 1428 tum,
345 1398 465 1434 supra
500 1385 606 1435 quod
640 1385 854 1421 Tarracina
888 1384 1080 1434 oppidum
1115 1384 1252 1434 lingua
1287 1383 1396 1421 Vols-

208 1459 344 1483 corum
379 1447 522 1484 Anxur
554 1446 721 1490 dictum,
757 1453 799 1484 et
833 1446 901 1483 ubi
936 1445 1049 1483 fuere
1084 1445 1280 1496 Amyclae
1313 1448 1395 1484 sive

211 1508 433 1559 Amynclae
457 1522 480 1545 a
503 1508 758 1558 serpentibus
781 1508 958 1552 deletae,
981 1508 1074 1545 dein
1099 1507 1206 1545 locus
1229 1506 1395 1557 Spelun-

209 1582 295 1614 cae,
308 1569 418 1607 lacus
435 1569 665 1614 Fundanus,
680 1569 823 1607 Caieta
837 1576 991 1620 portus,
1006 1569 1197 1619 oppidum
1214 1569 1395 1607 Formiae

211 1630 402 1669 Hormiae
427 1631 595 1676 dictum,
621 1637 666 1668 ut
693 1634 989 1676 existimavere,
1015 1634 1182 1682 antiqua
1209 1630 1395 1682 Laestry-

210 1706 358 1744 gonum
381 1693 509 1731 sedes.
565 1693 671 1730 ultra
693 1693 769 1731 suit
792 1693 983 1743 oppidum
1007 1692 1136 1737 Pirae,
1159 1698 1221 1730 est
1241 1692 1395 1730 colonia

212 1754 447 1793 Minturnae
479 1754 558 1792 Liri
590 1768 709 1793 amne
732 1755 858 1792 divisa
881 1754 994 1792 Clani
1023 1754 1147 1792 olim¹
1178 1753 1397 1804 appellato,

615 1833 627 1852 ¹
653 1832 808 1873 Mayhoff
819 1845 826 1864 :
860 1832 1012 1864 Glanico.

256 1941 270 1955 ⁶
291 1937 373 1968 This
389 1947 457 1967 was
473 1935 617 1968 inici-red
633 1936 720 1967 from
737 1935 795 1967 the
811 1935 1057 1967 identification
1073 1935 1108 1967 of
1122 1935 1182 1967 the
1195 1945 1297 1968 name
1311 1935 1393 1968 with

213 1979 370 2011 Homer’s
383 1980 487 2012 Circe.

216 2055 257 2085 4⁷1
