1515 2351
166 508 208 538 40

164 997 203 1027 41

440 120 607 158 PLINY
622 135 630 158 ι
683 120 948 159 NATURAL
984 120 1223 159 HISTORY

234 230 502 275 congregaret
529 227 697 274 imperia
725 227 906 274 ritusque
935 224 1111 261 molliret
1139 230 1182 262 et
1208 229 1273 262 tot
1299 237 1424 275 popu-

235 293 363 332 lorum
407 293 608 331 discordes
652 293 839 344 ferasque
883 293 1040 344 linguas
1084 296 1276 332 sermonis
1319 307 1426 336 com-

235 366 383 401 mercio
421 362 680 401 contraheret
719 363 771 400 ad
808 363 1008 414 colloquia
1048 369 1090 400 et
1128 362 1424 402 humanitatem

234 432 383 470 homini
414 433 546 477 daret,
575 434 833 483 breviterque
864 446 945 470 una
974 439 1210 471 cunctarum
1239 436 1423 484 gentium

239 506 278 539 in
307 508 396 540 toto
430 503 526 540 orbe
554 506 685 553 patria
713 502 841 540 fieret.
894 502 968 541 sed
995 502 1092 553 quid
1119 502 1266 554 agam?
1307 509 1424 541 tanta

234 572 420 610 nobilitas
452 576 630 610 omnium
661 572 1003 623 locorum,—quos
1036 575 1124 623 quis
1157 575 1341 624 attigerit
1355 573 1421 609 ?—-

234 649 349 680 tanta
366 656 499 680 rerum
515 642 764 693 singularum
780 642 1100 693 populorumque
1115 642 1278 680 claritas
1294 648 1422 680 tenet.

235 713 327 750 urbs
358 713 484 749 Roma
514 712 577 750 vel
606 712 691 749 sola
721 716 761 749 in
792 725 841 749 ea
870 742 877 750 .
909 741 918 750 .
949 711 977 749 ‚1
1005 718 1047 750 et
1077 712 1200 763 digna
1229 715 1309 749 iam
1338 718 1423 750 tam

234 781 337 820 festa
355 785 508 820 cervice
526 782 664 826 facies,
683 796 762 833 quo
779 782 947 819 tandem
965 785 1117 819 narrari
1135 781 1259 820 debet
1278 783 1422 833 opere!

232 852 406 903 qualiter
426 852 672 902 Campaniae
695 865 763 889 ora
785 865 857 902 per
877 865 921 890 se
942 851 1122 902 felixque
1142 851 1211 889 illa
1232 865 1279 890 ac
1300 851 1424 890 beata

236 925 473 966 amoenitas,
493 929 538 959 ut
566 922 701 972 palam
725 925 777 959 sit
802 935 881 959 uno
904 925 945 959 in
967 922 1053 959 loco
1076 921 1292 973 gaudentis
1323 935 1423 972 opus

236 1005 322 1029 esse
344 993 535 1029 naturae!
597 995 677 1029 iarn
698 1005 791 1029 vero
810 998 930 1029 tanta
950 1005 998 1029 ea
1018 992 1151 1029 vitalis
1171 1005 1217 1029 ac
1235 994 1423 1042 perennis

231 1062 459 1107 salubritas,
484 1062 577 1100 talis
602 1062 703 1100 caeli
728 1065 962 1112 temperies,
986 1068 1073 1100 tam
1099 1061 1252 1100 fertiles
1277 1065 1423 1113 campi,

231 1138 315 1169 tam
354 1135 474 1182 aprici
512 1132 648 1176 colles,
684 1138 771 1169 tam
808 1135 958 1169 innoxii
996 1132 1137 1177 saltus,
1174 1138 1259 1169 tam
1297 1144 1423 1182 opaca

232 1215 410 1246 nemora,
430 1208 515 1239 tam
537 1203 725 1239 munifica
746 1201 933 1240 silvarum
955 1215 1120 1253 genera,
1140 1208 1203 1240 tot
1224 1205 1421 1239 montium

231 1271 419 1316 adflatus,
430 1278 548 1310 tanta
561 1272 722 1322 frugum
736 1275 958 1323 vitiumque
973 1279 1014 1309 ct
1026 1272 1206 1309 olearum
1219 1271 1423 1316 fertilitas,

230 1348 315 1379 tam
343 1342 491 1378 nobilia
518 1342 663 1392 pecudi
691 1342 855 1386 vellera,
881 1349 966 1379 tam
995 1345 1128 1392 opima
1155 1345 1280 1379 tauris
1307 1341 1422 1386 colla,

230 1417 293 1449 tot
327 1411 451 1456 lacus,
486 1418 549 1449 tot
585 1415 763 1448 amnium
800 1411 1054 1462 fontiumque
1091 1412 1255 1449 ubertas
1290 1417 1421 1449 totam

230 1494 320 1519 eam
361 1481 622 1531 perfundens,
662 1487 725 1519 tot
766 1485 908 1527 maria,
948 1487 1101 1532 portus,
1141 1484 1421 1533 gremiumque

229 1557 427 1589 terrarum
462 1554 701 1589 commercio
737 1558 883 1601 patens
919 1551 1097 1602 undique
1134 1557 1176 1589 et
1211 1557 1420 1602 tamquam

229 1621 421 1658 iuvandos
442 1621 491 1658 ad
512 1621 703 1658 mortales
725 1624 809 1671 ipsa
829 1621 945 1659 avide
965 1625 1006 1658 in
1025 1624 1152 1658 maria
1171 1634 1418 1671 procurrens.

233 1704 364 1742 neque
391 1694 553 1741 ingenia
579 1694 759 1742 ritusque
785 1704 832 1729 ac
858 1695 960 1729 viros
987 1697 1029 1729 et
1054 1691 1191 1742 lingua
1217 1703 1420 1743 manuque

229 1767 438 1810 superatas
457 1774 726 1798 commemoro
745 1767 903 1811 gentes.
959 1763 1032 1810 ipsi
1052 1760 1104 1798 de
1124 1774 1173 1798 ea
1192 1759 1419 1798 iudicavere

231 1829 341 1874 Grai,
367 1843 495 1881 genus
523 1833 564 1866 in
591 1830 761 1881 gloriam
788 1843 902 1868 suam
931 1829 1225 1874 effusissimum,
1252 1835 1419 1880 quotam

229 1907 386 1951 partem
439 1913 488 1937 ex
542 1913 588 1937 ea
641 1900 884 1950 appellando
935 1899 1147 1938 Graeciam
1201 1899 1417 1951 Magnam!

623 1981 635 2001 ²
661 1980 832 2017 lacunam
852 1980 1015 2022 Mayhoff.

233 2054 277 2090 32
