1515 2351
442 133 528 171 PLI
536 134 609 171 NY
623 148 632 172 :
684 134 950 172 NATURAL
987 135 1226 173 HISTORY

237 239 532 291 longitudinem
558 243 662 276 inter
684 240 764 276 duo
788 243 1080 290 promunturia,
1103 241 1238 278 Clidas
1262 247 1304 279 et
1328 242 1429 279 Aca-

237 308 391 345 manta,
425 301 532 352 quod
566 307 628 339 est
661 302 712 338 ab
746 315 902 345 occasu,
936 302 1214 339 Artemidorus
1251 314 1355 338 Can
1389 315 1429 347 D,

236 362 516 401 Timosthenes
542 364 598 400 ἴε.
651 370 835 400 vocatam
860 369 982 401 antea
1005 364 1276 401 Acamantida
1299 363 1429 402 Philo-

237 425 364 469 nides,
401 425 598 463 Cerastim
634 425 869 477 Xenagoras
906 431 948 463 et
983 426 1191 476 Aspeliam
1229 431 1271 464 et
1306 427 1429 463 Ama-

233 486 409 525 thusiam
463 493 505 524 et
560 487 797 532 Macariam,
850 487 1097 538 Astynomus
1150 488 1331 539 Crypton
1383 494 1427 526 et

156 553 214 584 130
237 549 431 586 Colinian.
487 549 634 599 oppida
653 552 693 585 in
711 562 759 586 ea
777 561 840 593 xv,
860 548 1116 599 Neapaphos‚
1135 549 1428 599 Palaepaphos,

152 1109 208 1141 131

234 611 387 655 Curias,
406 611 569 655 Citium,
587 611 842 654 Corinaeum,
860 610 1046 655 Salamis,
1063 611 1279 656 Amathus,
1298 611 1428 662 Lape-

233 672 338 717 thos,
367 673 498 717 Soloe,
527 673 732 718 Tamasos,
762 673 1025 723 Epidaurum,
1055 673 1210 724 Chytri‚
1240 674 1424 718 Arsinoe,

236 735 485 784 Carpasium,
525 734 702 785 Golgoe3
744 734 857 772 fuere
897 733 968 772 et1
1009 735 1185 786 Cinyria,
1226 735 1427 780 Mareum,

237 796 421 834 Idalium.
477 797 592 833 abest
613 797 663 833 ab
685 797 905 833 Anemurio
926 796 1088 834 Ciliciae
1106 797 1153 840 ἶ,;
1187 810 1300 834 mare
1320 797 1427 847 quod

234 858 516 908 praetenditur
534 864 679 895 vocant
698 858 856 895 Aulona
875 857 1070 895 Cilicium.
1126 860 1166 895 in
1185 858 1328 896 eodem
1347 861 1426 896 situ

235 920 383 957 Eleusa
413 919 542 957 insula
573 926 649 964 est,
681 926 722 957 et
753 926 947 970 quattuor
976 925 1073 957 ante
1103 923 1426 970 promunturium

235 994 286 1019 ex
309 981 475 1019 adverso
497 981 638 1031 Syriae
659 981 808 1025 Clides,
830 994 1046 1032 rursusque
1067 982 1119 1018 ab
1141 981 1271 1019 altero
1292 984 1426 1032 capite

234 1043 368 1087 Stiria,
389 1049 528 1080 eontra
553 1043 681 1080 Neam
705 1042 888 1092 Paphum
911 1043 1035 1079 Hiera
1058 1049 1101 1080 et
1123 1042 1263 1093 Cepia,
1285 1049 1425 1080 contra

233 1104 437 1142 Salamina
462 1104 716 1142 Salaminiae.
773 1108 813 1141 in
841 1104 963 1155 Lycio
990 1110 1128 1142 autem
1154 1108 1254 1141 mari
1281 1105 1426 1155 Illyris,

233 1166 446 1211 Telendos,
471 1166 748 1210 Attelebussa,
774 1166 947 1217 Cypriae
969 1172 1053 1204 tres
1077 1166 1235 1203 steriles
1261 1171 1304 1204 et
1330 1166 1425 1204 Dio-

234 1231 347 1279 nysia
390 1231 498 1279 prius
543 1227 744 1265 Charaeta
787 1228 918 1272 dicta3
985 1228 1079 1265 dein
1122 1233 1263 1265 contra
1305 1228 1424 1266 Tauri

232 1293 555 1340 promunturium
589 1289 809 1340 pestiferae
842 1289 1126 1340 navigantibus
1161 1289 1425 1328 Chelidoniae

232 1352 419 1390 totidem.
467 1352 518 1389 ab
533 1351 593 1388 his
608 1365 700 1388 cum
713 1351 860 1401 oppido
878 1351 1069 1388 Leucolla
1086 1351 1278 1402 Pactyae,
1293 1351 1424 1396 Lasia,

234 1413 471 1465 Nymphais‚
510 1413 675 1458 Macris,
711 1413 890 1464 Megista
925 1415 1035 1450 cuius
1071 1415 1211 1450 civitas
1248 1415 1423 1457 interiit3

232 1476 386 1513 multae
400 1475 548 1513 deinde
561 1475 768 1526 ignobiles.
810 1475 881 1512 sed
894 1481 1035 1512 contra
1046 1473 1301 1512 Chimaeram
1316 1475 1424 1511 Doli-

231 1537 374 1582 chiste,
397 1537 705 1588 Choerogylion,
735 1536 971 1580 Crambusa,
997 1535 1151 1587 Rhoge,
1178 1535 1423 1587 Xenagora²

232 1612 320 1644 vm,
357 1599 594 1637 Daedaleon
631 1599 750 1643 duae,
787 1598 946 1649 Cryeon
980 1604 1077 1642 tres,
1113 1597 1343 1649 Strongyle,
1379 1603 1421 1636 et

230 1667 371 1699 contra
394 1661 559 1711 Sidyma
582 1659 772 1698 Antiochi
796 1660 1077 1710 Glaucumque
1100 1673 1235 1697 versus
1258 1673 1420 1697 amnem

232 1723 427 1774 Lagussa,
454 1722 616 1766 Macris,
642 1722 859 1772 Didymae,
884 1721 1031 1766 Helbo,
1055 1720 1196 1771 Scope,
1221 1722 1354 1772 Aspis,
1378 1727 1420 1759 et

231 1785 289 1835 (in
331 1798 411 1835 qua
453 1784 645 1834 oppidum
688 1784 858 1833 interiit)
901 1782 1115 1820 Telandria
1156 1785 1420 1834 proximaque

231 1846 370 1884 Cauno
391 1845 613 1883 Rhodussa.

554 1951 564 1969 ¹
590 1950 761 1995 Maylioss:
786 1953 821 1982 et
838 1949 884 1981 ibi
900 1953 959 1982 aut
974 1953 1010 1982 et
1026 1950 1072 1982 in.

553 1994 565 2012 ²
593 1992 660 2025 VM.
677 1994 867 2034 Genagom,
885 1993 1055 2035 Euagora.

230 2058 300 2106 318
