1515 2351
172 344 191 374 3

171 1640 191 1669 5

428 111 619 150 PLINY:
667 112 932 150 NATURAL
966 111 1204 150 HISTORY

220 222 382 267 pentur,
404 222 446 253 et
467 218 518 252 sit
540 215 740 266 quaedam
762 218 802 252 in
822 215 882 252 his
903 215 1207 253 nomenclatura
1228 214 1406 266 quidem,

221 278 292 315 sed
313 277 451 314 mundi
472 291 685 327 rerumque
707 284 887 314 naturae.

267 339 481 376 Terrarum
506 339 611 375 orbis
637 341 844 375 universus
868 341 908 375 in
933 345 1015 376 tres
1040 338 1234 376 dividitur
1256 343 1407 389 partes,

222 400 425 450 Europam
449 401 587 436 Asiam
611 399 802 437 Africam.
858 403 969 451 origo
996 401 1047 437 ab
1074 413 1216 437 occasu
1245 399 1336 436 solis
1365 404 1407 436 et

222 462 425 498 Gaditano
444 461 563 506 freto,
581 475 660 512 qua
677 464 910 512 inrumpens
928 475 1102 498 oceanus
1120 461 1349 498 Atlanticus
1366 463 1407 497 in

220 526 345 560 maria
379 524 570 560 interiora
604 522 852 560 diffunditur.
908 522 999 560 hinc
1034 525 1202 560 intranti
1236 522 1408 560 dextera

220 584 357 622 Africa
389 590 464 629 est,
492 584 604 621 laeva
636 584 810 635 Europa,
842 587 948 622 inter
978 583 1049 621 has
1080 585 1200 628 Asia;
1244 586 1406 621 termini

223 660 362 683 amnes
383 646 528 682 Tanais
551 652 592 683 et
616 646 740 683 Nilus.
795 659 843 684 xv
865 660 903 697 p.
927 649 967 683 in
988 646 1284 696 longitudinem
1309 659 1407 696 quas

219 708 393 744 diximus
425 707 561 744 fauces
592 710 731 744 oceani
763 714 923 758 patent,
954 719 977 743 v
1008 710 1048 744 in
1080 707 1354 752 latitudinem,
1385 721 1408 744 a

217 772 304 806 vico
339 768 523 805 Mellaria
556 769 774 819 Hispaniae
807 769 859 806 ad
890 772 1215 820 promunturium
1245 768 1407 807 Africae

219 831 382 875 Album,
411 837 576 867 auctore
603 830 799 868 Turranio
827 831 986 868 Gracile
1015 833 1129 868 iuxta
1156 833 1320 881 genito;
1360 830 1406 868 T.

222 893 355 929 Livius
393 905 438 929 ac
475 892 610 942 Nepos
647 892 853 930 Cornelius
890 892 1116 930 latitudinis
1151 892 1408 930 tradiderunt

219 957 428 991 minimum
443 953 458 977 ¹
480 966 534 990 vu
555 968 610 1005 p.,
630 955 697 991 ubi
720 968 812 992 vero
827 955 1058 1005 plurimum,
1074 966 1118 991 x:
1146 960 1231 991 tam
1252 954 1408 992 modico

219 1029 287 1054 ore
313 1022 399 1053 tam
424 1018 607 1052 inmensa
633 1029 853 1067 aequorum
879 1019 1047 1054 vastitas
1073 1016 1277 1067 panditur.
1332 1029 1406 1054 nec

219 1077 418 1129 profunda
458 1077 632 1115 altitudo
672 1078 907 1116 miraculum
948 1080 1116 1116 minuit:
1171 1077 1407 1129 frequentes

220 1143 368 1191 quippe
403 1144 563 1179 taeniae
598 1140 846 1178 candicantis
881 1140 972 1177 vadi
1006 1142 1160 1178 carinas
1193 1143 1407 1185 territant3

219 1216 298 1252 qua
323 1203 375 1241 de
401 1217 521 1241 causa
546 1203 669 1240 limen
695 1205 843 1240 interni
868 1205 989 1240 maris
1015 1202 1131 1240 multi
1157 1216 1251 1240 eum
1275 1202 1406 1240 locum

219 1265 485 1315 appellavere.
539 1267 730 1317 proximis
781 1271 919 1302 autem
969 1264 1151 1302 faucibus
1199 1267 1406 1315 utrimque

219 1329 394 1377 impositi
428 1334 587 1365 montes
619 1332 810 1364 coercent
842 1327 1030 1372 claustra,
1063 1326 1197 1378 Abyla
1230 1325 1406 1371 Africae,

220 1388 405 1439 Europae
434 1389 572 1440 Calpe,
600 1389 782 1426 laborum
812 1388 996 1426 Herculis
1025 1394 1176 1434 metae,
1204 1401 1326 1439 quam
1354 1388 1406 1426 ob

215 1463 376 1487 causam
396 1451 610 1502 indigenae
629 1450 834 1488 columnas
854 1453 939 1488 eius
957 1450 1024 1488 dei
1042 1456 1202 1496 vocant,
1219 1449 1407 1488 eredunt-

219 1525 297 1562 que
315 1512 512 1563 perfossas
530 1512 691 1550 exclusa
709 1519 831 1550 antea
847 1512 1055 1550 admisisse
1071 1513 1197 1549 maria
1213 1517 1257 1549 et,
1271 1524 1407 1549 rerum

219 1580 387 1611 naturae
408 1581 585 1612 mutasse
607 1574 763 1612 faciem.

270 1633 447 1673 Primum
476 1649 572 1687 ergo
599 1636 651 1674 de
681 1637 842 1687 Europa
869 1636 1010 1674 altrice
1039 1638 1199 1674 victoris
1226 1638 1406 1673 omnium

218 1699 403 1747 gentium
415 1698 550 1748 populi
566 1698 765 1749 longeque
779 1704 976 1735 terrarum
989 1696 1271 1748 pulcherrima,
1284 1710 1406 1748 quam

222 1758 403 1810 plerique
422 1762 569 1797 merito
587 1773 667 1797 non
686 1762 850 1797 tertiam
869 1762 1097 1810 portionem
1115 1758 1249 1797 fecere
1268 1771 1406 1797 verum

671 1854 684 1874 ²
707 1853 812 1886 lidda
841 1854 964 1886 minus.

522 1959 537 1973 ⁶
561 1950 732 1992 Probably
748 1950 876 1983 Tarifa.

524 1992 536 2013 ⁶
561 1994 734 2036 Probably
753 1994 866 2026 Punto
883 1993 936 2026 dcl
953 1993 1102 2028 Sarinas.
