1515 2351
393 143 561 182 PLINY
575 158 583 182 :
635 144 900 184 NATURAL
937 143 1175 183 HISTORY

141 253 160 284 3
190 247 323 293 Lixos,
350 248 412 285 vel
438 248 728 286 fabulosissime
759 251 934 299 antiquis
961 254 1144 286 narrata:
1182 248 1237 285 ibi
1263 249 1375 298 regia

188 312 338 349 Antaei
371 319 658 363 certamenque
690 326 781 350 cum
813 312 1000 357 Hercule,
1031 318 1073 350 et
1105 311 1374 363 Hesperidum

188 375 304 413 horti.
364 376 599 414 adfunditur
617 383 755 414 autem
775 379 1020 414 aestuarium
1034 390 1055 414 e
1076 379 1176 414 mari
1196 375 1374 413 flexuoso

189 446 340 485 meatu,
361 443 400 477 in
421 454 500 491 quo
520 441 700 478 draconis
715 442 730 465 1
752 441 958 478 custodiae
984 443 1109 478 instar
1129 440 1249 478 fuisse
1271 454 1375 477 nunc

190 507 528 555 interpretantur3
562 506 820 556 amplectitur
845 507 950 542 intra
975 519 1017 542 se
1044 505 1228 549 insulam,
1255 518 1375 556 quam

188 569 312 606 solam
356 583 377 607 e
422 573 549 607 vicino
590 575 724 607 tractu
773 570 979 621 aliquanto
1029 569 1246 607 excelsiore
1297 583 1375 606 non

188 639 326 671 tamen
355 641 490 671 aestus
518 637 637 672 maris
664 634 874 672 inundant.
931 639 1066 672 exstat
1094 637 1135 670 in
1162 647 1210 671 ea
1238 640 1280 672 et
1308 648 1376 671 ara

190 697 372 735 Herculis
400 712 474 736 nec
500 705 663 749 praeter
689 698 882 736 oleastros
909 698 1018 736 aliud
1045 711 1094 736 ex
1123 704 1284 736 narrato
1310 698 1376 736 illo

140 768 161 798 4
190 763 363 800 aurifero
410 776 586 801 nemore.
642 766 772 801 minus
816 763 998 814 profecto
1045 765 1242 800 mirentur
1288 776 1377 814 por-

188 833 351 864 tentosa
386 827 581 865 Graeciae
616 827 827 865 mendacia
861 827 913 865 de
948 826 1008 864 his
1043 833 1086 864 et
1120 840 1239 864 amne
1276 827 1377 864 Lixo

189 891 348 942 prodita
376 895 443 942 qui
470 895 653 943 cogitent
680 898 836 929 nostros
864 905 1072 942 nuperque
1099 891 1220 942 paulo
1247 894 1376 929 minus

189 956 432 994 monstrifica
475 957 675 1007 quaedam
717 956 768 994 de
810 956 953 994 iisdem
995 955 1221 1001 tradidisse,
1264 969 1377 1007 prae-

189 1020 362 1058 validam
378 1020 479 1058 hanc
496 1021 637 1058 urbem
652 1023 926 1072 maioremque
946 1020 1100 1072 Magna
1119 1019 1377 1072 Carthagine,

189 1091 402 1136 praeterea
431 1099 481 1123 ex
511 1086 678 1123 adverso
707 1088 792 1123 eius
821 1088 941 1123 sitam
970 1091 1013 1123 et
1041 1098 1166 1136 prope
1195 1087 1377 1123 inmenso

189 1155 322 1187 tractu
367 1151 418 1187 ab
462 1150 593 1201 Tingi,
638 1163 823 1201 quaeque
869 1149 947 1187 alia
991 1149 1197 1187 Cornelius
1243 1149 1376 1201 Nepos

189 1214 414 1252 avidissime
432 1215 615 1252 credidit.

140 1287 160 1316 5
241 1280 306 1316 Ab
327 1279 428 1317 Lixo
446 1280 493 1316 ff,
510 1283 549 1317 in
569 1279 866 1317 mediterraneo
885 1279 1012 1316 altera
1031 1279 1204 1330 Augusti
1223 1279 1376 1317 colonia

189 1349 251 1381 est
291 1343 444 1390 Babba,
487 1344 587 1381 Iulia
629 1344 873 1395 Campestris
915 1343 1131 1394 appellata,
1172 1349 1215 1381 et
1255 1347 1376 1382 tertia

186 1408 341 1446 Banasa
371 1411 466 1446 ff
496 1423 550 1460 p.,
572 1409 758 1446 Valentia
786 1411 1081 1459 cognominata.
1137 1408 1188 1445 ab
1209 1421 1257 1445 ea
1277 1408 1374 1446 ΧῙὟ

191 1473 224 1508 V
226 1473 372 1511 olubile
389 1474 594 1525 oppidum,
610 1474 853 1511 tantundem
869 1487 891 1510 a
908 1475 1006 1510 mari
1022 1479 1193 1523 utroque
1209 1472 1374 1509 distans.

189 1543 232 1574 at
254 1540 293 1574 in
316 1551 384 1575 ora
407 1552 429 1574 a
455 1538 554 1575 Lixo
578 1540 599 1575 L
625 1541 751 1575 amnis
778 1537 964 1575 Sububus
990 1543 1153 1588 praeter
1178 1536 1374 1573 Banasam

188 1601 384 1640 coloniam
407 1602 602 1648 defluens,
627 1602 860 1654 magnificus
885 1609 927 1640 et
951 1601 1196 1653 navigabilis.
1253 1601 1303 1638 ab
1327 1614 1375 1638 eo

643 1684 655 1703 ²
675 1683 729 1715 V.l.
747 1683 922 1714 dracones.

230 1798 245 1813 ⁸
267 1793 369 1825 Their
383 1793 506 1834 golden
522 1792 641 1834 apples
657 1803 743 1825 were
758 1793 911 1834 gual-ded
927 1792 974 1833 by
990 1803 1011 1824 a
1027 1795 1173 1833 serpent.

235 1836 247 1856 ⁶
270 1836 320 1868 Cf.
338 1836 397 1868 the
413 1847 513 1868 name
531 1837 538 1848 ‘
553 1837 753 1878 Serpentine
769 1837 776 1848 '
793 1837 829 1867 in
845 1835 999 1868 London.

233 1884 245 1900 ⁶
266 1879 338 1910 Tho
354 1879 455 1911 Wadi
471 1879 575 1911 Draa.

231 1922 246 1941 ‘¹
268 1923 340 1954 The
359 1922 502 1964 original
520 1923 603 1963 city,
623 1932 661 1954 so
677 1921 785 1953 called
804 1922 838 1953 in
854 1921 1055 1953 distinction
1076 1921 1164 1953 from
1185 1921 1230 1953 its
1251 1920 1373 1962 colony

193 1967 225 1997 in
242 1966 358 2007 Spain,
376 1965 546 2006 Carthago
564 1965 674 1999 Nova.
690 1975 767 1996 now
782 1964 984 2005 Cartagena.

229 2014 241 2028 ·
262 2011 326 2041 Le.
341 2018 386 2040 on
402 2008 461 2040 the
476 2019 571 2040 samo
586 2008 772 2045 meridiam
797 2007 866 2039 this
883 2008 910 2039 is
925 2007 965 2038 of
977 2017 1094 2040 course
1110 2017 1130 2037 a
1147 2006 1304 2039 mistake.

191 2083 263 2109 220
