1515 2351
448 124 616 164 PLINY
631 140 639 164 :
690 127 955 165 NATURAL
992 127 1230 166 HISTORY

242 228 437 280 Agrippa,
454 244 610 268 Dxnun
625 243 680 280 p.,
696 230 900 280 quondam
915 230 1073 268 Bruttio
1089 244 1185 281 agro
1199 231 1432 278 cohaerens,

240 304 333 327 mox
357 291 552 328 interfuso
574 294 674 328 mari
697 291 833 328 avulsa
857 298 908 330 {V
930 295 971 328 in
993 292 1287 343 longitudinem
1310 293 1430 339 freto,

241 355 280 388 in
295 352 552 390 latitudinem
569 359 707 390 autern
722 365 782 390 MD
796 366 835 402 p.
853 356 965 390 iuxta
981 353 1220 391 Columnam
1236 354 1430 405 Regiam:

240 413 290 450 ab
340 413 414 450 hoc
463 413 696 452 dehiscendi
745 420 985 464 argumento
1035 414 1235 466 Rhegium
1285 416 1430 454 Graeci

171 480 212 511 87
239 488 386 512 nomen
417 475 567 513 dedere
604 475 751 526 oppido
783 479 825 513 in
856 479 1036 527 margine
1071 477 1214 514 Italiae
1245 480 1336 515 sito.
1390 480 1430 515 in

240 549 288 574 eo
321 536 426 574 freto
460 543 523 575 est
550 537 734 587 scopulus
763 537 911 588 Scylla,
939 541 1038 575 item
1067 537 1290 589 Charybdis
1318 552 1430 577 mare

239 601 493 644 verticosum,
523 599 642 636 ambo
671 599 779 636 clara
806 602 988 637 saevitia.
1043 602 1164 649 ipsius
1190 603 1430 650 triquetrae,

238 665 284 697 ut
301 659 489 704 diximus,
507 663 829 710 promunturium
849 660 1036 698 Pelorum
1055 667 1222 698 vocatur
1239 661 1429 701 adversus

237 721 412 772 Scyllam
433 735 602 773 vergens
624 725 665 759 in
687 722 864 766 Italiam,
886 721 1119 772 Pachynum
1141 725 1182 759 in
1203 722 1428 769 Graeciam,

238 798 379 822 ccccm.
411 784 462 820 ab
497 797 544 821 eo
577 784 756 821 distante
791 783 1081 833 Peloponneso,
1116 784 1353 834 Lilybaeum
1387 787 1427 822 in

185 832 200 847 ⁴
236 845 413 882 Africam
433 852 557 884 'cfffi
576 846 786 882 intervallo
806 859 828 882 a
850 845 1026 882 Mercuri
1044 849 1322 896 promunturio
1342 853 1384 884 et
1403 860 1426 884 a

235 906 466 944 Caralitano
500 907 708 945 Sardiniae
742 920 811 944 cxc
840 921 894 944 m.
953 910 1059 945 inter
1087 921 1130 944 sc
1154 914 1291 945 autem
1326 907 1425 946 haec

234 972 511 1018 promunturia
543 982 589 1007 ae
619 969 750 1006 latera
780 969 934 1006 distant
965 967 1025 1006 his
1056 972 1218 1019 spatiis:
1263 975 1424 1007 terreno

234 1033 377 1068 itinere
400 1043 423 1067 a
447 1030 588 1068 Peloro
611 1029 844 1081 Pachynum
868 1037 1047 1075 ἮΓᾸ-νι,
1069 1030 1161 1068 inde
1186 1030 1423 1082 Lilybaeum

233 1098 291 1137 ff,
307 1092 400 1129 inde
418 1092 603 1130 Pelorum
618 1099 739 1131 effi.

164 1159 206 1190 88
287 1153 476 1191 Coloniae
500 1154 553 1192 ibi
577 1167 615 1199 v,
635 1155 754 1192 urbes
782 1167 827 1191 ac
853 1157 1038 1192 ciw'tates
1066 1166 1175 1191 mm.
1230 1167 1253 1191 a
1281 1153 1422 1192 Peloro

232 1229 341 1253 mare
362 1216 518 1253 Ionium
537 1229 605 1253 ora
623 1222 836 1266 spectante
855 1215 1047 1266 oppidum
1067 1215 1259 1253 Messana
1276 1219 1420 1254 civium

231 1277 277 1314 R.
320 1281 388 1328 qui
431 1277 667 1315 Mamertini
709 1283 916 1322 vocantur,
955 1280 1277 1328 promunturium
1319 1277 1421 1316 Dre-

230 1352 394 1388 panum,
429 1339 585 1377 colonia
620 1339 932 1377 Tauromenium
969 1352 1074 1389 quae
1111 1345 1232 1376 antea
1270 1339 1419 1385 Naxos,

231 1401 379 1438 flumen
395 1402 554 1446 Asines,
569 1415 683 1438 mons
699 1402 835 1439 Aetna
850 1404 1054 1438 nocturnis
1069 1404 1191 1438 mirus
1204 1401 1418 1440 incendiis:

228 1469 360 1500 crater
379 1467 462 1501 eius
482 1469 599 1513 patet
617 1463 773 1500 ambitu
792 1463 923 1500 stadia
942 1465 1099 1513 viginti,
1117 1462 1253 1499 favilla
1270 1463 1419 1501 Tauro-

229 1528 406 1562 menium
435 1532 476 1563 et
504 1525 692 1562 Catinam
720 1538 846 1576 usque
874 1528 1057 1575 pervenit
1084 1524 1257 1570 fervens,
1283 1524 1419 1575 fragor

160 1591 202 1622 89
231 1600 322 1624 vero
365 1587 416 1624 ad
464 1585 703 1624 Maroneum
748 1593 790 1624 et
835 1586 1038 1623 Gemellos
1081 1586 1213 1624 colles.
1267 1586 1416 1637 scopuli

227 1654 309 1686 tres
330 1648 564 1699 Cyclopum,
583 1655 723 1699 portus
744 1648 888 1693 Ulixis,
903 1647 1059 1685 colonia
1078 1647 1237 1692 Catina,
1253 1647 1417 1686 flumina

228 1709 508 1761 Symaethum,
530 1710 680 1747 Terias.
736 1713 843 1747 intus
869 1710 1135 1760 Laestrygoni
1158 1712 1302 1759 campi.
1348 1723 1417 1760 op-

277 1825 292 1841 ⁰
314 1821 399 1852 Now
421 1821 569 1862 Reggio;
597 1824 634 1852 to
656 1820 715 1852 the
738 1820 848 1852 Greek
869 1831 926 1852 ear
947 1821 975 1852 it
997 1823 1152 1862 suggests
1177 1819 1185 1832 ‘
1199 1819 1331 1852 Breach
1345 1819 1353 1833 ’
1377 1830 1415 1851 as

233 1865 258 1896 if
271 1864 358 1896 from
372 1863 520 1905 ρήγνυμι.

280 1907 292 1927 ²²
316 1909 331 1947 ἓ
347 1908 399 1939 73-
756 1911 769 1926 ⁶
791 1905 878 1937 Now
893 1905 988 1946 Capo
1005 1905 1039 1936 di
1056 1906 1210 1937 Passaro.

276 1950 290 1970 ἃ
313 1951 398 1982 Now
421 1949 513 1991 Cape
536 1950 623 1986 Bon,
647 1948 750 1991 really
776 1949 856 1990 only
879 1950 921 1980 78
947 1948 1043 1980 miles
1069 1949 1157 1980 from
1181 1948 1240 1980 the
1263 1948 1356 1991 Capo
1379 1947 1414 1980 di

232 1994 324 2025 Boeo
336 1992 484 2027 Μαι-8818
497 1993 531 2026 in
545 1992 660 2033 Sicily.

230 2056 278 2102 64
