1515 2351
166 1475 204 1506 10

428 121 618 160 PLINY:
671 122 936 160 NATURAL
974 122 1211 161 HISTORY

223 228 332 265 urbe.
389 226 592 278 quondam
625 232 838 277 praeterea
872 225 1066 278 oppidum
1101 226 1212 264 Crisa
1245 232 1288 265 et
1320 240 1411 265 cum

226 290 460 327 Bulensibus
489 290 698 340 Anticyra,
729 288 992 333 Naulochum,
1023 288 1189 340 Pyrrha,
1218 289 1412 340 Amphisa

225 354 423 395 immunis,
465 350 672 396 Tithrone‚
712 350 916 395 Tithorea,
959 351 1194 402 Ambrysus,
1240 351 1413 396 Mirana,

225 427 327 464 quae
372 416 483 463 regio
527 412 666 450 Daulis
705 412 941 463 appellatur.
996 412 1143 450 deinde
1180 415 1220 450 in
1259 416 1414 451 intumo

224 479 312 513 sinu
341 475 509 525 angulus
538 475 731 512 Boeotiae
761 474 936 512 adluitur
964 489 1054 512 cum
1083 475 1240 526 oppidis
1268 474 1414 527 Siphis,

224 537 371 575 Thebis
390 550 493 588 quae
507 536 666 574 Corsiae
680 539 987 587 cognominatae
1000 543 1094 574 sunt
1107 539 1220 575 iuxta
1232 544 1414 576 montem

227 600 475 637 Heliconem.
530 601 697 636 tertium
720 600 770 635 ab
792 598 866 636 hoc
887 602 986 636 mari
1007 599 1201 637 Boeotiae
1223 600 1414 652 oppidum

227 661 374 713 Pagae,
394 662 501 699 unde
522 660 787 712 Peloponnesi
806 661 961 712 prosilit
979 664 1124 699 cervix.

282 724 348 761 IV.
379 723 691 774 Peloponnesus,
715 724 820 774 Apia
844 729 965 761 antea
989 723 1192 775 appellata
1216 730 1258 762 et
1282 723 1414 763 Pelas·-

225 789 305 838 gia,
319 785 554 837 paeninsula
568 785 664 822 haut
683 785 750 822 ulli
765 792 897 823 terrae
913 785 1124 824 nobilitate
1140 786 1415 838 postferenda,

226 851 332 886 inter
360 848 440 886 duo
469 850 594 884 maria
622 849 835 898 Aegaeum
864 854 907 886 et
937 847 1108 893 Ionium,
1138 848 1290 899 platani
1320 848 1416 886 folio

226 910 376 955 similis,
401 916 566 960 propter
591 909 802 960 angulosos
826 923 1006 947 recessus
1030 912 1197 948 circuitu
1225 917 1351 949 ι’)ᾒεῑι
1376 924 1414 962 p.

225 972 377 1023 colligit
416 978 579 1009 auctore
621 971 796 1016 Isidoro;
849 972 993 1010 eadem
1031 985 1103 1023 per
1140 975 1248 1011 sinus
1287 986 1416 1024 paene

228 1034 469 1072 tantundem
499 1034 632 1071 adicit.
689 1037 899 1085 angustiae
921 1034 1029 1071 unde
1045 1034 1227 1085 procedit
1244 1034 1416 1073 Isthmos

227 1096 492 1148 appellantur.
548 1099 587 1133 in
637 1109 686 1133 eo
734 1096 820 1133 loeo
870 1099 1141 1147 inrumpentia
1190 1110 1212 1134 e
1261 1096 1417 1135 diverso

228 1172 331 1210 quae
354 1158 464 1196 dicta
486 1164 579 1196 sunt
604 1160 728 1195 maria
751 1171 775 1195 a
797 1161 1076 1209 septentrione
1100 1164 1143 1196 et
1166 1165 1310 1196 exortu
1333 1162 1417 1197 eius

227 1234 388 1258 omnem
443 1221 496 1257 ibi
546 1219 803 1257 latitudinem
847 1226 1002 1265 vorant,
1045 1220 1175 1258 donec
1217 1224 1417 1259 contrario

229 1285 386 1320 incursu
433 1288 639 1320 tantorum
685 1295 906 1333 aequorum
951 1284 991 1319 in
1038 1285 1215 1333 quinque
1262 1283 1416 1321 milium

229 1359 417 1396 passuum
473 1344 726 1382 intervallum
782 1347 912 1382 exesis
967 1347 1170 1395 utrimque
1226 1344 1418 1383 lateribus

229 1414 401 1459 angusta
446 1409 599 1444 cerw'ce
648 1405 967 1457 Peloponnesum
1013 1409 1220 1445 contineat
1268 1407 1416 1445 Hellas.

232 1469 507 1507 Corinthiacus
534 1468 638 1514 hinc,
665 1468 770 1506 illinc
797 1468 1007 1507 Saronicus
1035 1468 1261 1520 appellatur
1287 1472 1417 1514 sinus;

232 1531 416 1570 Lecheae
438 1531 543 1576 hinc,
566 1530 796 1569 Cenchreae
818 1531 923 1569 illine
946 1534 1222 1582 angustiarum
1243 1534 1418 1577 termini,

231 1594 349 1646 longo
385 1599 428 1631 et
462 1596 626 1643 ancipiti
662 1595 821 1630 naw'um
857 1594 1012 1630 ambitu
1047 1606 1145 1644 quas
1180 1593 1418 1645 magnitudo

231 1656 416 1707 plaustris
447 1654 648 1693 transvehi
678 1654 879 1706 prohibet,
908 1668 1030 1706 quam
1058 1655 1110 1692 ob
1138 1668 1301 1693 causam
1329 1669 1418 1706 per-

273 1775 289 1789 ⁴¹
310 1770 383 1802 The
402 1770 543 1801 modern
562 1780 664 1801 name
683 1770 798 1801 Morea
816 1780 933 1801 means
952 1769 960 1781 ‘
977 1768 1044 1801 like
1060 1779 1082 1800 a
1098 1769 1272 1810 mulberry
1291 1769 1381 1801 leaf!

272 1813 284 1832 ⁶
306 1813 389 1845 This
406 1822 566 1844 common
587 1823 693 1849 noun,
709 1813 872 1853 meaning
887 1823 907 1842 a
927 1812 1013 1844 neck
1033 1812 1069 1843 of
1089 1812 1184 1850 land,
1202 1821 1298 1843 came
1318 1816 1355 1844 to
1378 1811 1419 1844 be

228 1856 394 1888 attached
417 1866 455 1887 as
479 1866 499 1885 a
519 1866 647 1897 proper
667 1865 768 1886 name
790 1859 828 1886 to
844 1855 903 1887 the
920 1855 1007 1887 neck
1023 1855 1155 1897 joining
1172 1855 1232 1886 the
1248 1854 1365 1888 More&
1382 1858 1419 1888 tao

229 1899 368 1932 Central
385 1899 521 1931 Greece.

275 1947 287 1963 θ
309 1943 381 1975 The
401 1943 551 1974 harbour
569 1941 605 1974 of
622 1941 776 1974 Corinth.

273 1984 287 2004 ⁴
309 1986 382 2018 The
399 1986 549 2017 harbour
564 1995 608 2017 on
625 1985 684 2017 the
702 1985 782 2018 Guu
798 1985 833 2017 oi
851 1985 970 2028 Egina.

241 2060 309 2094 124
