1515 2351
119 380 160 410 59

120 1286 162 1317 60

389 130 476 168 PLI
484 131 557 167 NY
572 144 579 167 ε
632 130 897 168 NATURAL
933 129 1172 167 HISTORY

184 234 354 272 liberata
411 240 474 271 est
529 239 652 278 terra,
707 236 864 270 seritur.
931 233 1040 270 idem
1097 235 1224 270 amnis
1269 246 1370 271 unus

187 307 363 341 omnium
384 303 512 341 nullas
533 306 711 354 exspirat
731 316 858 340 auras.

241 374 418 411 Dicionis
444 374 675 424 Aegyptiae
702 386 788 410 esse
814 374 954 423 incipit
979 385 1002 409 a
1027 372 1105 410 fine
1131 371 1370 424 Aethiopiae

185 443 339 494 Syene:
373 445 431 480 ita
447 449 614 480 vocatur
631 442 867 493 paeninsula
885 442 993 480 mille
1011 455 1201 493 passuum
1218 443 1372 480 ambitu

185 515 226 550 in
260 526 339 563 qua
373 512 514 549 Castra
547 518 641 549 sunt
674 511 801 549 latere
837 512 1011 549 Arabiae
1046 517 1090 548 et
1123 525 1173 549 ex
1207 511 1371 549 adverso

185 581 338 619 insulae
361 594 399 618 1v
423 580 574 626 Philae,
596 583 646 617 D—c
666 595 705 632 p.
729 594 753 618 a
775 580 854 618 Nili
878 580 1029 626 fissura,
1051 580 1159 618 unde
1181 580 1371 632 appellari

187 652 360 689 diximus
383 651 518 689 Delta.
574 650 648 688 hoc
670 653 846 702 spatium
868 651 997 688 edidit
1017 650 1310 696 Artemidorus,
1329 657 1372 689 et

187 724 226 759 in
256 735 304 759 eo
333 733 401 758 cc1.
429 721 577 772 oppida
606 720 741 766 fuisse,
774 721 873 758 Iuba
903 723 1007 765 cc—cc‚
1038 721 1294 758 Aristocreon
1321 722 1372 758 ab

187 791 457 842 Elephantide
483 791 533 827 ad
559 804 668 828 mare
695 803 801 828 nccn.
858 789 1094 840 Elephantis
1118 789 1246 827 insula
1268 792 1372 828 intra

187 864 443 899 novissimum
471 866 725 898 catarracten
755 861 794 896 fv
823 874 863 912 p.
896 866 939 897 et
967 873 1087 911 supra
1116 859 1277 911 Syenen
1307 862 1371 898 x'vi'

187 931 407 976 habitatur,
421 932 686 981 navigationis
701 930 932 981 Aegyptiae
948 929 1050 975 finis,
1064 931 1115 967 ab
1130 929 1373 967 Alexandria

189 1013 338 1039 anxxv
376 1003 509 1051 p.—in
546 1006 706 1038 tantum
744 1013 926 1037 erravere
961 1013 1080 1051 supra
1115 1002 1266 1050 scripti.
1319 1000 1372 1037 ibi

188 1068 452 1121 Aethiopicae
469 1072 712 1107 conveniunt
729 1081 872 1114 naves3
903 1082 1080 1120 namque
1097 1082 1164 1107 eas
1179 1068 1374 1120 plicatiles

189 1141 335 1177 umeris
365 1139 614 1177 transferunt
642 1141 830 1190 quotiens
859 1139 911 1176 ad
938 1144 1182 1176 catarractas
1210 1144 1374 1176 ventum

189 1215 264 1247 est.

240 1279 312 1316 XI.
342 1280 555 1330 Aegyptus
581 1292 701 1330 super
725 1285 904 1316 ceteram
930 1280 1184 1329 antiquitatis
1209 1277 1374 1329 gloriam

188 1351 237 1386 fx
260 1350 417 1386 urbium
438 1350 510 1386 sibi
534 1350 682 1386 Amase
703 1355 905 1399 regnante
926 1347 1142 1399 [habitata]
1155 1349 1170 1372 ¹
1185 1347 1375 1398 praefert,

191 1433 294 1456 nunc
331 1433 490 1470 quoque
528 1419 663 1456 multis
701 1421 857 1456 etiamsi
896 1418 1136 1469 ignobilibus
1174 1417 1372 1468 frequens.

189 1488 416 1526 celebratur
445 1495 583 1526 tamen
613 1488 821 1538 Apollinis,
843 1501 935 1524 mox
968 1486 1241 1532 Leucotheae,
1262 1487 1375 1525 Dios—

191 1558 290 1609 polis
314 1557 481 1609 Magna,
499 1558 642 1596 eadem
659 1557 812 1602 Thebe,
830 1563 1035 1608 portarum
1053 1562 1217 1594 centum
1235 1555 1375 1595 nobilis

192 1627 312 1672 fama,
351 1627 498 1678 Coptos
538 1627 765 1664 Indicarum
806 1627 1148 1676 Arabicarumque
1186 1628 1375 1663 mercium

192 1696 282 1734 Nilo
304 1699 531 1747 proximum
557 1699 793 1747 emporium,
816 1709 908 1732 mox
933 1695 1099 1732 Veneris
1122 1694 1312 1745 oppidum
1333 1701 1375 1733 et

191 1767 339 1803 iterum
367 1765 470 1804 Iovis
498 1779 543 1802 ac
570 1765 771 1816 Tentyris,
792 1764 892 1801 infra
922 1763 1027 1814 quod
1050 1763 1217 1815 Abydus
1247 1763 1376 1801 Mem-

484 1856 496 1875 ²
520 1858 593 1888 Om.
611 1866 687 1887 cum
705 1866 772 1887 uno
790 1854 895 1887 codice
914 1854 1094 1886 Rackham.

642 1995 657 2011 ⁶
679 1991 831 2024 669-525
850 2000 917 2025 1³.o.

198 2058 266 2101 264
