1515 2351
155 457 193 487 41

162 1699 204 1728 43

427 128 618 166 PLINY:
668 128 935 168 NATURAL
972 127 1210 166 HISTORY

222 306 339 357 Tingi
391 305 600 356 Canopum
645 305 906 356 Jxxwlsscffi,
956 303 1235 342 Artemidorus
1281 316 1330 342 XL
1379 316 1410 342 M

224 382 354 416 minus
374 392 495 429 quam
517 378 702 416 Isidorus.

276 451 368 488 VII.
399 451 553 488 Insulas
584 464 664 488 non
694 452 751 487 ita
783 449 930 488 multas
960 450 1284 501 complectuntur
1313 449 1413 488 haec

224 527 361 562 maria.
416 525 632 562 clarissima
654 529 716 560 est
739 522 924 568 Meninx,
943 523 1195 574 longitudine
1216 525 1306 569 Εὖ,
1325 523 1414 561 lati-

225 597 366 635 tudine
392 598 490 642 Χλ-Ἡ,
515 597 566 634 ab
592 595 862 634 Eratosthene
890 595 1171 647 Lotophagitis
1197 596 1412 647 appellata.

226 670 374 721 oppida
390 670 515 707 habet
533 670 626 714 duo,
644 669 869 720 Meningen
887 670 938 706 ab
956 669 1118 706 Africae
1135 669 1262 707 latere
1281 675 1324 707 et
1341 669 1412 706 ab¹

227 743 354 781 altero
367 742 608 794 Th0ar‚ipsa
622 742 797 780 adextro
811 741 938 793 Syrtis
954 743 1123 780 Minoris
1137 730 1414 794 promunturio

227 817 407 867 passibus
434 829 494 854 un
521 818 611 854 sita.
667 816 718 853 ab
742 829 791 853 ea
809 817 830 852 ὃ
850 829 888 866 p.
909 822 1049 854 contra
1069 815 1228 853 laevum
1248 815 1415 854 Cercina

227 902 318 926 cum
349 889 448 926 urbe
481 889 661 926 eiusdem
692 891 863 926 nominis
893 889 1033 934 libera,
1063 889 1183 940 longa
1214 890 1303 934 ,st—xv,
1333 888 1416 926 lata

227 962 438 1000 dimidium
478 965 562 1000 eius
598 963 666 999 ubi
703 961 934 1013 plurimum,
968 968 1011 1000 at
1048 964 1089 1000 in
1125 968 1308 999 extremo
1337 975 1416 999 non

227 1036 315 1086 plus
332 1034 504 1073 V—huie
526 1049 723 1086 perparva
742 1034 1030 1086 Carthaginem
1047 1049 1183 1072 versus
1208 1034 1417 1073 Cercinitis

227 1115 352 1159 ponte
387 1110 577 1159 iungitur.
634 1109 684 1145 ab
716 1107 776 1145 his
803 1110 827 1145 f,
853 1107 937 1145 fere
971 1122 1161 1159 passuum
1190 1107 1418 1159 Lopadusa,

229 1181 349 1232 longa
360 1186 401 1220 v-1
416 1194 424 1225 ;
442 1195 535 1218 mox
549 1181 697 1218 Gaulos
711 1188 752 1219 et
766 1181 926 1226 Galata,
937 1184 1048 1219 cujus
1059 1187 1168 1219 terra
1178 1183 1417 1232 scorpiones,

229 1254 360 1292 dirum
382 1254 529 1291 animal
550 1253 726 1299 Africae,
746 1260 878 1291 necat.
933 1254 1123 1291 dicuntur
1143 1260 1186 1292 et
1205 1256 1246 1291 in
1267 1253 1419 1305 Clupea

231 1329 370 1372 emori,
403 1329 514 1364 cuius
549 1339 599 1364 ex
634 1327 801 1364 adverso
835 1326 1005 1378 Cossyra
1038 1341 1129 1364 cum
1163 1326 1322 1379 oppido.
1377 1332 1419 1364 at

230 1406 370 1438 contra
400 1399 654 1451 Carthaginis
684 1402 815 1437 sinum
845 1399 949 1437 duae
979 1400 1269 1450 Aegimoeroe3
1312 1400 1419 1438 Arae

232 1479 383 1518 autem,
413 1473 564 1524 scopuli
593 1475 723 1510 verius
758 1486 879 1524 quam
913 1472 1080 1518 insulae,
1109 1475 1216 1510 inter
1247 1472 1419 1510 Siciliam

232 1548 407 1584 maxime
425 1552 467 1583 et
483 1545 707 1583 Sardiniam
721 1558 730 1590 ;
761 1551 945 1583 auctores
961 1552 1056 1583 sunt
1072 1551 1114 1583 et
1130 1544 1201 1583 has
1218 1545 1420 1596 quondam

232 1617 436 1656 habitatas
454 1618 693 1656 subsedisse.

285 1691 398 1728 VIII.
430 1691 626 1729 Interiore
643 1697 781 1729 autem
798 1692 953 1728 ambitu
969 1691 1130 1729 Africae
1147 1691 1197 1729 ad
1213 1691 1421 1729 meridiem

234 1777 369 1802 versus
393 1778 593 1815 superque
619 1763 828 1810 Gaetulos,
852 1764 1214 1802 intervenientibus
1237 1764 1421 1810 desertis,

234 1839 350 1888 primi
396 1840 575 1874 omnium
622 1836 769 1887 Libyes
815 1838 1024 1888 Aegyptii,
1068 1836 1216 1875 deinde
1263 1836 1422 1874 Leucoe

235 1908 459 1960 Aethiopes
492 1908 690 1947 habitant.
746 1923 866 1960 super
898 1922 965 1947 eos
998 1909 1246 1961 Aethiopum
1277 1915 1423 1961 gentes

652 1999 664 2019 ¹
681 1998 726 2029 ab
741 1998 817 2031 add.
835 1999 1014 2031 Raclckam.

238 2054 309 2097 248
