1515 2351
126 1188 167 1218 53

395 130 586 168 PLINY:
638 131 903 169 NATURAL
940 131 1178 170 HISTORY

195 234 428 285 Caspasum.
484 248 556 272 nec
577 238 619 271 in
639 235 717 271 alia
736 242 853 285 parte
874 239 1000 272 maior
1020 242 1229 273 auctorum
1249 238 1382 274 incon-

194 310 359 351 stantia,
388 307 507 344 credo
537 313 702 357 propter
729 310 959 346 innumeras
990 321 1194 359 vagasque
1222 314 1379 360 gentes.

195 379 384 417 haustum
421 382 542 429 ipsius
580 383 699 418 maris
737 380 895 418 dulcem
933 394 1022 418 esse
1060 387 1102 418 et
1147 380 1379 419 Alexander

196 452 372 503 Magnus
418 452 594 502 prodidit
640 459 682 490 et
730 452 788 490 M.
837 453 961 490 Varro
1006 453 1132 491 talem
1178 453 1378 504 perlatum

195 525 386 575 Pompeio
404 528 517 562 iuxta
536 539 597 562 res
616 528 774 576 gerenti
795 525 1074 563 Mithridatico
1091 525 1211 572 bello,
1230 529 1380 577 magni-

194 598 335 635 tudine
368 598 466 635 hant
499 598 621 636 dubie
653 598 906 636 influentium
939 601 1116 636 amnium
1150 602 1254 636 vieto
1284 599 1379 637 sale.

195 671 315 708 adicit
350 671 457 708 idem
489 671 653 721 Pompei
687 672 811 708 ductu
846 671 1114 721 exploratum,
1144 674 1183 708 in
1217 671 1380 709 Bactros

194 750 352 794 septem
371 744 512 781 diebus
530 758 579 781 cx
603 744 715 781 India
735 747 932 794 perveniri
952 745 1003 782 ad
1023 745 1212 782 Bactrum
1232 744 1380 782 flumen

195 817 301 867 quod
317 820 358 853 in
374 817 507 854 Oxum
525 817 680 861 influat,
696 823 738 855 et
755 831 804 854 ex
821 830 868 854 eo
884 831 956 867 per
971 817 1160 867 Caspium
1176 820 1216 854 in
1232 817 1380 868 Cyrum

194 890 406 927 subvectas
426 890 440 913 ¹
466 896 507 927 et
531 902 554 925 v
578 903 656 927 non
681 890 850 940 amplius
874 890 1030 927 dierum
1052 896 1214 928 terreno
1237 892 1381 928 itinere

195 962 246 999 ad
265 962 424 999 Phasim
444 965 484 998 in
505 962 677 1000 Pontum
699 963 856 1000 Indicas
874 976 990 1013 posse
1009 962 1153 1001 devehi
1173 976 1337 1001 merces.

250 1036 409 1072 Insulae
426 1042 514 1072 toto
527 1038 566 1071 in
583 1049 630 1073 eo
645 1039 744 1072 mari
759 1036 925 1080 multae,
939 1036 1100 1086 volgata
1114 1049 1192 1073 una
1206 1039 1380 1074 maxime

198 1109 358 1146 Zazata.

246 1181 334 1218 XX.
365 1182 400 1218 A
426 1182 571 1232 Caspio
597 1185 695 1219 mari
720 1181 989 1233 Scythicoque
1011 1195 1161 1220 oceano
1185 1184 1227 1219 in
1252 1182 1380 1220 Eoum

193 1268 329 1291 cursus
346 1254 563 1292 inflectitur
577 1255 627 1292 ad
643 1258 839 1292 orientem
854 1268 1045 1292 conversa
1058 1255 1220 1292 litorum
1234 1254 1379 1293 fronte.

194 1326 466 1365 inhabitabilis
488 1330 571 1365 eius
593 1330 720 1378 prima
740 1341 831 1378 pars
853 1341 876 1365 a
896 1327 1083 1379 Scythico
1104 1330 1381 1378 promunturio

194 1401 244 1437 ob
259 1403 382 1445 nives,
409 1403 591 1451 proxima
604 1401 755 1438 inculta
766 1403 934 1438 saevitia
954 1403 1152 1452 gentium.
1207 1400 1381 1438 Anthro-

194 1472 367 1523 pophagi
402 1472 577 1524 Scythae
610 1473 785 1511 insident
818 1473 1002 1511 humanis
1034 1474 1263 1524 corporibus
1297 1486 1382 1511 ves·

193 1552 354 1590 centes;
405 1546 495 1584 ideo
531 1550 644 1584 iuxta
680 1553 819 1584 vastae
853 1546 1088 1584 solitudines
1124 1545 1380 1598 ferarumque

195 1618 412 1656 multitudo
450 1618 548 1657 haut
586 1619 819 1657 dissimilem
858 1619 1064 1657 hominum
1098 1622 1379 1657 inmanitatem

193 1691 392 1729 obsidens.
448 1694 594 1729 iterum
613 1692 761 1730 deinde
779 1691 955 1743 Scythae
972 1694 1201 1743 iterumque
1219 1691 1380 1729 deserta

193 1778 283 1801 cum
319 1764 460 1809 beluis,
495 1778 620 1815 usque
655 1765 706 1802 ad
742 1767 879 1816 iugum
914 1765 1106 1802 incubans
1142 1766 1240 1801 mari
1275 1764 1380 1815 quod

592 1868 602 1887 ¹
628 1867 762 1898 Gesta:
788 1867 982 1900 subvectos.

317 2005 332 2020 ⁰
356 2001 427 2032 The
445 2001 570 2033 second
588 2012 656 2033 was
673 2002 808 2041 against
825 2001 1054 2038 Mithridates.
1073 2002 1180 2033 74-65
1202 2010 1265 2034 mo.

195 2065 264 2111 376
