1515 2351
167 383 208 414 46

168 1080 210 1110 48

439 113 629 151 PLINY:
681 113 945 151 NATURAL
982 113 1219 150 HISTORY

235 218 285 255 ab
331 218 457 255 Histri
489 219 591 254 ostio
623 216 675 254 ad
707 230 749 254 os
783 215 900 254 Ponti
932 230 1121 267 passuum
1155 223 1238 255 ᾖ
1270 217 1418 263 fecere,

234 272 416 322 Agrippa
444 277 491 309 1]
527 271 697 314 adiecit;
738 270 831 307 inde
859 270 911 307 ad
937 284 1094 307 murum
1121 269 1417 322 supradictum

236 331 293 370 et,
312 325 362 362 ab
381 338 429 361 eo
448 323 715 361 Cherronesus
735 337 861 361 cxxv1.

290 377 370 415 Sed
395 390 419 414 a
444 377 618 427 Bosporo
643 379 751 414 sinus
778 375 1013 421 Casthenes,
1038 383 1176 428 portus
1201 376 1350 415 Senum
1376 383 1419 415 et

235 431 337 468 alter
375 433 443 481 qui
485 430 703 467 Mulierum
741 433 1059 481 cognominatur,
1097 433 1418 481 promunturium

236 483 441 535 Chryseon
468 483 589 521 Ceras
615 486 654 520 in
682 497 761 533 quo
786 484 977 534 oppidum
1003 484 1242 534 Byzantium
1268 484 1418 522 liberae

234 538 478 575 condicionis
496 543 618 574 antea
637 536 770 588 Lygos
788 537 964 580 dictum3
995 538 1111 574 abest
1128 551 1152 574 a
1170 537 1420 588 Dyrrhachio

239 606 351 631 nccxi
386 604 448 642 p.:
497 597 657 628 tantum
691 596 807 641 patet
841 590 1049 641 longitudo
1083 597 1281 628 terrarum
1314 593 1420 628 inter

192 654 208 682 7
240 645 517 683 Hadriaticum
545 657 654 681 mare
683 650 725 681 et
754 642 1052 695 Propontidem.
1107 657 1245 682 amnes
1272 643 1420 695 Bathy-

238 702 338 743 nias,
360 697 521 735 Pidaras
545 699 627 735 sive
653 696 838 742 Athidas,
858 697 1005 748 oppida
1028 697 1263 748 Selymbria,
1285 696 1419 735 Perin-

236 752 328 790 thus
355 751 569 789 latitudine
595 764 638 788 cc
664 751 814 802 pedum
839 754 1063 788 continenti
1089 751 1258 789 adnexa.
1314 754 1420 790 intus

236 806 356 856 Bizye
395 818 464 842 arx
495 818 636 855 regum
673 804 864 842 Thraciae
895 818 919 841 a
947 804 1064 842 Terei
1102 804 1260 842 nefasto
1297 807 1421 842 invisa

236 858 526 903 hirundinibus,
552 861 663 908 regio
696 858 882 902 Caenica,
906 857 1060 895 colonia
1094 858 1328 908 Flaviopolis
1354 859 1420 896 ubi

236 919 358 950 antea
392 911 513 949 Caela
546 911 738 962 oppidum
772 912 1003 956 vocabatur,
1038 917 1080 949 et
1113 925 1137 949 a
1170 911 1291 963 Bizye
1325 918 1350 950 ἰ
1380 926 1418 963 p.

236 967 365 1017 Apros
395 965 561 1009 colonia,
593 978 695 1015 quae
727 978 750 1002 a
781 963 970 1015 Philippis
1001 966 1117 1003 abest
1148 972 1324 1004 ᾶᾘῇ.
1379 972 1421 1004 at

236 1023 275 1057 in
293 1033 362 1057 ora
379 1021 506 1056 amnis
525 1019 710 1070 Erginus,
728 1019 920 1069 oppidum
938 1017 1014 1056 fuit
1032 1019 1190 1063 Ganos3
1221 1020 1422 1057 deseritur

240 1079 282 1111 et
317 1071 580 1124 Lysimachea
613 1075 693 1109 iam
727 1075 767 1108 in
801 1071 1059 1109 Cherroneso.
1114 1072 1212 1110 alius
1248 1086 1420 1123 namque

236 1127 289 1164 ibi
316 1125 488 1164 Isthmos
513 1128 718 1176 angustias
742 1125 890 1163 similes
915 1125 1059 1163 eodem
1083 1129 1244 1163 nomine
1270 1133 1312 1164 et
1336 1129 1421 1178 pari

237 1180 451 1217 latitudine
470 1179 677 1223 inlustrat3
709 1179 813 1216 duae
832 1180 949 1216 urbes
968 1182 1170 1230 utrimque
1187 1180 1305 1217 litora
1321 1178 1420 1218 haut

237 1233 415 1271 dissimili
434 1233 554 1270 modo
576 1239 760 1277 tenuere,
779 1231 928 1283 Pactye
953 1246 976 1269 a
1001 1231 1260 1283 Propontide,
1279 1233 1422 1271 Cardia

237 1301 260 1325 a
290 1287 453 1324 Melane
482 1289 583 1331 sinu,
612 1285 710 1323 haec
739 1299 788 1323 ex
818 1286 919 1323 facie
948 1286 1021 1323 loci
1051 1289 1210 1324 nomine
1239 1293 1421 1338 accepto,

239 1347 434 1391 utraeque
467 1339 765 1390 conprehensae
798 1346 940 1389 postea
975 1339 1236 1390 Lysimachea
1268 1347 1292 1378 V
1326 1354 1364 1391 p.
1399 1354 1422 1378 a

239 1395 387 1445 Longis
429 1393 567 1431 Muris.
623 1393 889 1430 Cherronesos
929 1406 952 1430 a
996 1392 1239 1443 Propontide
1281 1393 1422 1432 habuit

282 1568 298 1582 ⁶
320 1562 613 1604 Constantinople,
630 1562 821 1595 Stamboul.

283 1605 296 1626 ⁶
318 1606 390 1638 The
406 1605 587 1647 legendary
602 1605 683 1647 king
697 1606 732 1637 of
745 1606 887 1642 Thrace,
903 1605 979 1638 who
995 1606 1143 1637 violated
1161 1606 1348 1639 Philomela
1362 1606 1422 1639 the

241 1651 339 1681 sister
363 1649 397 1680 of
424 1649 474 1680 his
499 1649 575 1680 wife
597 1649 736 1680 Procne.
796 1648 985 1680 Philomela
1012 1648 1152 1681 became
1170 1659 1191 1680 a
1210 1649 1422 1691 nightingale

241 1692 309 1723 and
328 1692 457 1723 Procne
467 1701 486 1721 a
500 1691 648 1722 swanow
662 1704 670 1728 ;
690 1701 728 1722 or
740 1691 923 1732 according
935 1696 971 1723 to
981 1691 1128 1724 another
1143 1697 1292 1724 account
1309 1692 1420 1724 Philo-

243 1735 329 1767 mela
345 1745 365 1765 a
381 1734 530 1765 swallow
546 1734 614 1765 and
633 1734 764 1766 Procne
779 1744 799 1765 a
816 1734 1038 1776 nightingale.

285 1783 296 1797 ⁶
320 1778 501 1810 Hexamila
521 1788 595 1808 now
615 1779 771 1818 occupies
790 1778 849 1809 the
867 1779 942 1810 site.

281 1820 295 1840 ⁴
317 1821 389 1853 The
403 1821 492 1852 word
512 1822 538 1852 is
557 1821 717 1861 regarded
730 1831 767 1852 as
780 1831 800 1852 a
813 1831 935 1862 proper
947 1831 1058 1858 name,
1069 1821 1228 1863 properly
1241 1822 1422 1864 belonging

242 1868 278 1896 to
296 1864 354 1896 the
373 1864 524 1895 Isthmus
542 1864 577 1895 of
594 1864 746 1896 Corinth.

284 1912 295 1925 ·
317 1907 400 1938 Like
417 1906 559 1938 Corinth
575 1906 644 1938 and
662 1906 855 1938 Lechaeum
873 1916 916 1937 on
935 1906 1024 1938 their
1040 1906 1204 1938 Isthmus.

283 1950 295 1973 Ι
315 1950 377 1982 See
394 1950 471 1990 543.

285 1997 297 2016 ⁰
319 1994 379 2024 Th·
409 1993 516 2024 (li-cel<
535 1993 586 2024 for
603 1992 610 2005 ⁸
627 1992 748 2028 beart,'
772 1993 899 2033 καρδία.
1004 1992 1018 2011 ⁸
1041 1992 1102 2024 See
1122 1995 1135 2033 ς’
1154 1995 1205 2026 43.

245 2065 311 2103 15²
