1515 2351
96 683 137 714 83

101 1778 142 1808 85

366 107 556 145 PLINY:
609 108 873 145 NATURAL
910 107 1147 145 HISTORY

163 212 328 249 navibus
349 214 690 261 armamentisque
710 210 790 248 Nili
808 216 1031 261 peteretur,
1050 211 1102 248 ad
1120 216 1346 248 nostrarum

164 292 323 326 naxium
353 302 487 326 cursus
518 301 572 325 vn
603 288 758 326 dierum
788 287 999 326 intervallo
1028 293 1183 325 taxata.
1237 300 1348 326 mare

164 370 330 404 interoet
378 366 582 410 vadosum,
628 369 732 403 senis
779 379 858 402 non
904 365 1074 415 amplius
1121 365 1347 402 altitudinis

162 445 357 495 passibus,
373 444 444 481 sed
460 446 579 481 certis
595 444 802 481 canalibus
819 446 876 480 ita
893 442 1134 493 profundum
1153 448 1197 480 ut
1214 442 1348 480 nullae

163 521 362 559 anchorae
381 521 538 559 sidant:
571 521 622 558 ob
642 521 683 559 id
706 521 871 558 nasibus
894 524 1097 571 utrimque
1119 533 1275 570 prorae,
1297 533 1348 558 ne

163 613 235 650 per
251 602 456 650 angustias
475 599 575 636 alvei
593 601 809 650 circumagi
827 601 878 636 sit
896 609 1081 642 necesse;
1112 597 1349 648 magnitudo

164 677 215 715 ad
249 684 364 714 terna
399 677 510 714 milia
540 675 790 727 amphorum.
842 676 1017 714 siderum
1051 678 1092 713 in
1126 675 1350 726 naxigando

164 755 273 792 nulla
300 755 802 805 observatio—septentrio
828 767 908 790 non
935 756 1132 797 cernitur3
1173 752 1350 790 volucres

163 847 297 871 secum
367 832 518 871 vehunt
575 835 809 870 emittentes
863 834 1035 882 saepius,
1089 837 1350 881 meatumque

165 925 302 949 earum
351 918 502 948 terram
552 913 780 961 petentium
829 913 1085 947 comitantur.
1140 922 1213 946 nec
1262 909 1349 959 plus

165 993 368 1040 quaternis
387 990 587 1027 mensibus
606 1002 710 1026 anno
728 991 920 1039 navigant
935 1001 944 1025 :
974 993 1120 1026 cavent
1138 1001 1162 1024 a
1178 986 1349 1025 solstitio

164 1071 340 1105 maxime
359 1074 521 1105 centum
541 1068 640 1111 dies,
659 1073 756 1104 tunc
775 1067 844 1104 illo
864 1069 964 1104 mari
982 1065 1161 1103 hiberno.

218 1146 424 1184 Hactenus
458 1159 481 1183 a
516 1148 650 1196 priscis
685 1150 920 1183 memorata.
976 1144 1087 1182 nobis
1121 1143 1351 1194 diligentior

167 1227 310 1262 notitia
329 1224 471 1262 Claudi
491 1227 717 1275 principatu
735 1226 905 1274 contigit
924 1222 1068 1274 legatis
1089 1225 1213 1259 etiam
1233 1234 1284 1259 ex
1303 1233 1352 1258 ea

165 1302 293 1340 insula
310 1303 499 1340 advectis.
554 1302 595 1340 id
612 1302 758 1339 accidit
775 1300 850 1339 hoc
868 1301 1008 1338 modo:
1037 1301 1143 1338 Anni
1161 1299 1350 1343 Plocami,

167 1384 235 1432 qui
260 1381 385 1419 Maris
410 1381 533 1419 Rubri
557 1380 732 1431 vectigal
755 1394 779 1417 a
803 1380 896 1418 fisco
919 1379 1162 1423 redemerat,
1185 1378 1351 1415 libertus

166 1462 268 1498 circa
298 1459 489 1496 Arabiam
519 1462 712 1510 navigans
743 1458 994 1510 aquilonibus
1023 1463 1160 1507 raptus
1191 1461 1352 1506 praeter

167 1538 436 1581 Carmaniam,
463 1550 511 1574 xv
537 1537 603 1575 die
630 1537 832 1587 Hippuros
860 1542 1020 1586 portum
1047 1538 1132 1572 eius
1158 1537 1352 1578 invectus,

169 1615 354 1666 hospitali
404 1618 508 1666 regis
556 1615 772 1653 clementia
820 1628 890 1652 sex
939 1626 1121 1651 mensum
1170 1617 1352 1662 tempore

168 1695 331 1732 inbutus
368 1694 555 1744 adloquio
594 1695 847 1743 percontanti
884 1698 1025 1742 postea
1063 1693 1239 1728 narravit
1277 1689 1351 1728 Ro-

168 1785 306 1810 manos
339 1778 380 1809 et
412 1771 640 1809 Caesarem.
694 1773 837 1808 mirum
869 1773 910 1807 in
941 1769 1103 1807 modum
1134 1771 1175 1805 in
1206 1768 1352 1806 auditis

213 1938 227 1952 ⁶
250 1933 322 1964 'I'he
342 1932 398 1973 big
420 1931 653 1964 two-handled
673 1930 750 1972 clay
771 1931 925 1971 wine-jar
945 1929 1066 1962 soi-ved
1086 1939 1124 1961 aa
1144 1939 1166 1960 a
1186 1927 1353 1960 standard

171 1986 325 2008 measure
342 1976 380 2008 os
393 1986 414 2007 a
431 1975 537 2017 ship's
554 1975 725 2016 capacity,
743 1985 781 2006 ae
799 1973 881 2006 with
899 1983 938 2005 us
956 1973 1015 2005 the
1032 1976 1103 2005 ton.

168 2059 240 2093 400
