1515 2351
131 686 168 716 10

132 1073 166 1103 ll

398 124 588 162 PLINY:
639 125 903 163 NATURAL
941 125 1178 163 HISTORY

193 229 474 280 Commagenis
516 229 724 273 Cataonia,
763 227 962 280 Phrygiae
999 229 1255 275 Garsauritis,
1291 228 1378 267 Sar-

193 307 415 346 gaurasana
465 293 740 337 Cammaneni,
787 293 973 331 Galatiae
1025 292 1266 338 Morimene,
1311 294 1376 331 ubi

194 359 448 396 disterminat
491 370 558 394 eas
601 357 820 408 Cappadox
864 360 1004 402 amnis,
1046 371 1070 394 a
1112 371 1191 408 quo
1233 371 1378 396 nomen

194 429 353 460 traxere
374 428 497 459 antea
516 421 732 472 Leucosyri
753 421 863 459 dicti.
918 435 941 459 a
961 422 1237 459 Neocaesarea
1261 435 1379 472 supra

194 487 302 524 dicta
329 485 528 523 Minorem
549 487 784 522 Armeniam
809 485 939 537 Lycus
964 488 1090 523 amnis
1112 486 1377 524 disterminat.

193 557 255 588 est
276 556 318 588 et
338 550 539 587 Coeranus
563 553 670 587 intus
695 550 838 594 clarus,
867 553 906 587 in
926 564 994 587 ora
1014 556 1151 588 autem
1172 552 1222 588 ab
1243 551 1379 588 Amiso

194 615 384 666 oppidum
426 620 468 652 et
509 614 659 651 flumen
700 613 900 659 Chadisia,
942 615 1173 666 Lycastum‚
1227 628 1251 652 a
1301 628 1380 666 quo

194 679 504 729 Themiscyrena
534 681 657 730 regio.
715 679 786 716 Iris
817 678 966 717 flumen
995 679 1182 717 deferens
1214 679 1377 731 Lycum.

193 747 331 781 civitas
363 743 470 780 Ziela
502 746 621 788 intus,
654 743 796 781 nobilis
827 744 941 781 clade
972 744 1114 781 Triarii
1144 750 1187 782 et
1218 746 1381 782 victoria

195 808 238 845 C.
281 808 472 845 Caesaris.
526 810 567 844 in
606 821 674 844 ora
716 810 844 845 amnis
884 808 1140 845 Thermodon
1180 815 1290 846 ortus
1330 808 1380 846 ad

194 873 404 910 castellum
427 872 534 922 quod
557 878 701 909 vocant
722 871 946 909 Phanorian
967 879 1208 924 praeterque
1228 873 1381 911 radices

195 938 388 974 Amazoni
406 939 552 973 montis
569 936 701 987 lapsus
716 949 724 981 ;
757 936 833 974 fuit
851 937 1042 988 oppidum
1060 937 1203 975 codem
1221 940 1379 975 nomine

195 1007 237 1039 et
275 1001 351 1037 alia
389 1004 580 1052 quinque,
618 1002 898 1046 Amazonium,
929 1001 1200 1053 Themiscyra,
1237 1001 1381 1047 Sotira,

195 1067 372 1110 Amasin,
393 1066 584 1110 Comana,
608 1079 711 1103 nunc
741 1065 915 1103 Matium
931 1066 970 1110 1;
997 1066 1086 1117 (IV)
1112 1073 1257 1117 gentes
1282 1066 1381 1104 Cae-

195 1144 350 1175 narum,
403 1129 642 1180 Chalybum,
696 1130 890 1181 oppidum
944 1131 1176 1182 Cotyorum,
1237 1137 1381 1183 gentes

194 1195 395 1239 Tibareni,
441 1194 621 1245 Massyni
665 1198 771 1231 notis
814 1197 1021 1245 signantes
1062 1209 1241 1247 corpora,
1282 1209 1381 1247 gens

199 1258 509 1310 Macrocephali,
552 1259 743 1309 oppidum
787 1259 970 1305 Cerasus,
1013 1267 1154 1311 portus
1197 1260 1382 1306 Cordule,

194 1330 339 1374 gentes
359 1323 561 1368 Bechires,
580 1323 743 1368 Buxcri,
764 1323 912 1361 flumen
936 1323 1078 1369 Melas,
1098 1338 1196 1376 gens
1219 1324 1382 1362 Macho-

195 1401 324 1432 rones,
374 1388 510 1425 Sidoni
561 1387 792 1438 flumenque
842 1388 1035 1427 Sidenum
1095 1403 1174 1440 quo
1223 1389 1383 1427 alluitur

196 1453 386 1503 oppidum
415 1451 690 1489 Polemonium
718 1454 769 1489 ab
797 1454 935 1490 Amiso
962 1453 1044 1490 eTx.
1099 1453 1193 1491 inde
1219 1453 1383 1491 flumina

198 1518 411 1561 Iasonium,
437 1517 721 1561 Melambium,
743 1523 783 1554 et
806 1518 857 1554 ab
878 1518 1016 1554 Amiso
1038 1531 1132 1555 Lxxx
1155 1517 1383 1556 Pharnacea

196 1581 400 1632 oppidum,
416 1581 583 1631 Tripolis
599 1581 810 1618 castellum
827 1588 869 1618 ct
886 1581 1039 1627 fluvius,
1053 1583 1152 1619 item
1171 1581 1383 1620 Philocalia

197 1652 239 1683 et
273 1648 357 1683 sine
399 1645 516 1682 fluvio
556 1648 655 1682 item
699 1646 925 1697 Liviopolis‚
961 1652 1003 1683 ct
1039 1660 1060 1682 a
1098 1645 1327 1685 Pharnacea
1360 1641 1382 1682 ὅ

408 1732 419 1751 ¹
444 1732 614 1762 Mantium
630 1732 829 1763 Hermolaus
845 1732 902 1772 (cs.
922 1732 959 1762 V.
984 1733 1054 1767 115.
1075 1734 1161 1771 110).

242 1822 255 1836 ⁰
280 1818 320 1849 Iu
337 1817 395 1849 the
412 1828 481 1848 war
496 1819 632 1859 against
648 1817 886 1855 Mithradates,
904 1819 945 1849 67
965 1827 1029 1850 B.0.

245 1861 256 1880 ⁶
281 1861 370 1892 Over
403 1860 605 1897 Pharnaces,
639 1871 700 1891 son
733 1860 772 1892 of
801 1860 1132 1893 Mithradates—tho
1165 1862 1300 1903 victory
1333 1863 1382 1901 (in

197 1906 237 1954 ⁴?
259 1907 346 1952 B:⁰·).
359 1903 515 1952 reported
537 1904 581 1944 by
601 1903 716 1935 Julius
734 1903 856 1935 Caesar
874 1908 912 1935 to
930 1903 989 1935 the
1007 1908 1125 1936 senate
1144 1905 1177 1936 in
1196 1904 1255 1937 the
1273 1906 1383 1937 words

204 1947 215 1976 ι
232 1946 486 2030 cpbrytgeziligs
503 1993 511 2005 ⁴
522 1989 685 2026 Comana,
704 1989 814 2020 which
831 1990 859 2020 is
878 1999 954 2021 now
971 1999 1016 2021 an
1035 1989 1198 2021 Oracnlar
1215 1991 1359 2023 Shrine.‘

199 2063 270 2100 344
