1515 2351
116 1079 157 1109 80

116 1636 154 1668 81

384 99 574 138 PLINY:
626 100 890 138 NATURAL
926 99 1163 138 HISTORY

181 209 325 255 gentes
353 204 512 241 Danuvi
537 206 713 248 nomine,
738 206 934 241 immenso
955 216 1148 253 aquarum
1174 208 1292 240 auctu
1319 207 1362 239 et

183 266 289 303 unde
317 268 490 316 primum
519 265 721 316 Illyricum
750 265 863 303 alluit
891 265 1030 302 Hister
1057 264 1295 315 appellatus,
1316 275 1361 300 Lx

183 329 364 365 amnibus
414 330 600 378 receptis,
652 327 785 364 medio
834 326 960 364 ferme
1011 340 1148 364 eorum
1199 339 1365 364 numero

184 389 410 440 navigabili,
426 392 466 426 in
484 388 657 426 Pontum
677 391 798 426 vastis
817 402 888 426 sex
909 388 1136 426 fluminibus
1157 387 1361 426 evolvitur.

183 454 355 501 primum
384 453 531 488 ostium
561 449 726 495 Peuces,
755 464 847 488 mox
877 453 962 501 ipsa
990 449 1121 488 Peuce
1154 449 1294 494 insula,
1322 451 1363 486 in

183 527 262 563 qua
280 515 483 563 proximus
503 513 637 550 alveus
657 512 778 550 Sacer
792 512 807 536 ¹
827 512 1051 563 appellatus
1073 518 1139 550 ᾖ
1158 525 1196 562 p.
1218 524 1365 562 magna

184 575 329 626 palude
358 575 553 612 sorbetur.
609 588 659 611 ex
689 574 833 612 eodem
863 575 975 611 alveo
1000 580 1043 611 et
1066 587 1186 624 super
1212 573 1365 610 Histro-

182 637 289 688 polin
310 637 416 674 lacus
437 639 615 688 gignitur
637 651 733 674 Lxm
754 650 942 688 passuum
958 637 1134 673 ambitu:
1157 635 1366 686 Halmyrin

183 705 338 737 vocant.
393 699 614 737 secundum
640 701 786 736 ostium
814 698 1103 735 Naracustoma
1128 697 1364 749 appellatur,

182 764 350 799 tertium
390 761 513 798 Calon
553 760 692 798 Stoma
731 763 843 798 iuxta
882 761 1051 797 insulam
1090 759 1365 804 Sarmaticam,

183 829 370 874 quartum
402 821 733 867 Pseudostomon,
765 823 860 860 dein
890 822 1017 860 insula
1049 822 1240 872 Conopon
1271 821 1366 858 Dia-

181 887 299 930 basis,
317 891 459 936 postea
475 885 622 922 Borion
639 884 779 922 Stoma
796 891 838 922 et
856 883 988 922 Psilon
1006 884 1156 922 Stoma.
1211 883 1365 934 singula

182 954 320 985 autern
352 961 420 984 ora
452 953 567 984 tanta
599 953 692 984 sunt
725 953 770 984 ut
802 947 996 997 prodatur
1027 949 1067 983 in
1101 952 1148 984 ,κ’-ι,
1177 959 1366 996 passuum

182 1009 442 1060 longitudinis
460 1012 562 1046 vinci
581 1022 689 1046 mare
708 1009 947 1059 dulcemque
965 1008 1147 1059 intellegi
1165 1007 1364 1045 haustum.

237 1073 302 1109 Ab
328 1085 376 1109 eo
401 1074 441 1108 in
466 1071 629 1122 plenum
657 1071 819 1122 quidem
846 1084 984 1108 omnes
1010 1070 1248 1122 Scytharum
1273 1075 1366 1107 sunt

182 1140 339 1186 gentes,
373 1136 504 1171 variae
539 1140 676 1171 tamen
710 1134 815 1171 litori
851 1135 1033 1184 apposita
1065 1139 1247 1177 tenuere,
1272 1131 1366 1169 alias

184 1197 328 1241 Getae,
354 1196 453 1233 Daci
482 1196 668 1233 Romanis
695 1195 807 1240 dicti,
835 1195 930 1232 alias
957 1195 1177 1239 Sarmatae,
1205 1194 1367 1231 Graecis

183 1258 457 1303 Sauromatae,
488 1272 707 1309 eorumque
739 1258 980 1295 Hamaxobii
1012 1263 1081 1294 aut
1113 1258 1241 1301 Aorsi,
1271 1255 1366 1293 alias

183 1320 355 1372 Scythae
385 1321 608 1371 degeneres
632 1327 674 1358 et
698 1334 721 1357 a
743 1322 865 1357 servis
894 1322 970 1357 orti
1000 1326 1069 1356 aut
1097 1318 1366 1369 Trogodytae,

182 1397 274 1420 mox
317 1383 434 1420 Alani
475 1388 517 1420 et
559 1382 791 1419 Rhoxolani.
846 1384 1049 1433 superiora
1086 1387 1223 1418 autem
1263 1383 1368 1417 inter

184 1446 412 1482 Danuvium
433 1451 474 1482 et
496 1445 741 1496 Hercynium
762 1444 907 1481 saltum
929 1457 1053 1494 usque
1074 1443 1125 1481 ad
1141 1442 1368 1480 Pannonica

183 1507 348 1544 hiberna
394 1507 586 1544 Carnunti
634 1507 1007 1557 Germanorumque
1054 1507 1107 1543 ibi
1153 1505 1367 1542 confinium

181 1583 341 1620 campos
369 1576 411 1607 et
437 1569 555 1620 plana
583 1569 748 1619 Iazyges
775 1568 996 1612 Sarmatae,
1021 1574 1178 1605 montes
1205 1580 1298 1604 vero
1325 1572 1367 1604 et

186 1631 308 1669 saltus
338 1631 438 1682 pulsi
468 1632 518 1668 ab
548 1630 606 1668 his
638 1631 737 1668 Daci
772 1631 823 1668 ad
858 1629 1083 1667 Pathissum
1117 1642 1288 1666 amnem.
1345 1643 1367 1666 a

186 1693 315 1739 Maro,
343 1695 423 1730 sive
454 1693 581 1730 Duria
610 1699 671 1730 est
700 1706 723 1729 a
752 1692 894 1730 Suebis
923 1705 1129 1743 regnoque
1159 1691 1366 1728 Vanniano

565 1782 576 1801 ¹
600 1781 701 1814 Sacer
716 1781 790 1813 add.
813 1781 954 1813 Urlichs.

233 1927 247 1941 ⁰
268 1922 341 1954 The
366 1921 562 1953 mountains
587 1920 774 1962 stretching
799 1920 909 1952 round
936 1919 1100 1952 Bohemia
1125 1919 1192 1950 and
1219 1918 1366 1960 through

188 1966 341 1997 Moravia
359 1965 432 1996 into
451 1964 627 2006 Hungary.

190 2028 257 2074 178
