1515 2351
146 908 189 937 42

142 1537 184 1568 43

415 100 584 139 PLINY
598 116 607 139 z
659 102 924 140 NATURAL
960 102 1199 140 HISTORY

211 204 404 250 Staletae,
459 203 660 249 Priantae,
715 205 940 255 Dolongae,
992 204 1137 256 Thyni,
1192 204 1396 243 Celaletae

211 277 380 312 maiores
411 274 582 320 Haemo,
615 277 788 311 minores
823 273 1042 325 Rhodopae
1075 273 1238 321 subditi.
1292 277 1398 311 inter

211 357 310 395 quos
338 344 497 382 Hebrus
523 347 663 389 amnis,
689 344 881 395 oppidum
907 344 980 381 sub
1006 343 1200 394 Rhodope
1227 342 1398 381 Ponero-

212 413 312 464 polis
341 420 476 458 antea,
503 427 598 451 mox
627 428 651 451 a
677 414 887 451 conditore
918 412 1214 464 Philippopolis,
1242 427 1347 451 nunc
1375 426 1398 450 a

211 486 291 520 situ
305 483 571 520 Trimontium
587 483 707 520 dicta.
764 483 909 520 Haemi
925 483 1135 520 excelsitas
1151 489 1194 521 v—1
1209 495 1397 534 passuum

210 553 375 591 subitur.
432 566 569 590 aversa
606 555 689 590 eius
722 559 764 590 et
790 555 831 589 in
859 552 1040 590 Histrum
1065 552 1221 590 devexa
1249 551 1396 598 Moesi,

212 623 357 668 Getae,
380 623 499 668 Aodi,
521 622 729 674 Scaugdae
753 623 1005 673 Clariaeque,
1027 629 1070 660 et
1092 623 1165 660 sub
1187 625 1234 660 iis
1256 622 1398 660 Arraei

212 692 419 730 Sarmatae
443 706 542 743 quos
571 694 741 730 Areatas
770 699 912 729 vocant
942 691 1196 743 Scythaeque
1226 697 1269 729 et
1295 694 1400 729 circa

214 761 331 799 Ponti
384 762 501 800 litora
557 761 749 800 Moriseni
803 761 1038 813 Sithonique
1093 761 1244 813 Orphei
1298 764 1399 799 vatis

213 835 416 883 genitores
433 835 631 883 optinent.

272 903 335 939 Ita
358 902 445 939 finit
469 902 607 939 Hister
629 915 654 940 a
675 905 966 953 septentrione,
990 903 1041 939 ab
1065 908 1155 940 ortu
1180 901 1330 939 Pontus
1353 915 1399 939 ac

213 970 436 1023 Propontis,
465 985 488 1009 a
514 972 684 1010 meridie
713 973 923 1024 Aegaeum
957 985 1081 1017 mare,
1114 974 1224 1009 cuius
1257 974 1298 1008 in
1331 984 1399 1009 ora

215 1055 239 1079 a
276 1041 489 1093 Strymone
528 1042 754 1094 Apollonia,
793 1041 984 1093 Oesyma,
1024 1041 1226 1093 Neapolis,
1263 1041 1397 1079 Batos.

214 1115 320 1150 intus
347 1111 519 1163 Philippi
544 1112 698 1150 colonia
723 1113 886 1162 (absunt
912 1125 936 1149 a
962 1110 1212 1163 Dyrrhachio
1239 1112 1398 1162 cccxxv)

211 1181 411 1227 Scotussa,
433 1182 598 1233 Topiros
621 1185 775 1227 civitas,
801 1181 927 1219 Mesti
950 1184 1077 1219 amnis
1100 1184 1260 1226 ostium,
1283 1195 1397 1219 mons

214 1251 437 1304 PangaeuS,
457 1252 667 1297 Heraclea,
687 1251 900 1303 Olynthos,
919 1252 1084 1290 Abdera
1102 1251 1230 1289 libera
1245 1254 1398 1296 civitas,

212 1329 399 1373 stagnum
435 1321 643 1359 Bistonum
679 1328 722 1360 et
756 1335 868 1373 gens.
923 1322 1116 1373 oppidum
1151 1320 1228 1359 fuit
1262 1321 1399 1359 Tirida

214 1392 420 1429 Diomedis
471 1405 664 1443 equorum
716 1392 882 1429 stabulis
933 1392 1086 1436 dirum3
1150 1405 1255 1428 nunc
1306 1397 1398 1428 sunt

213 1461 378 1507 Dicaea,
400 1462 592 1507 Ismaron,
612 1462 718 1499 locus
740 1460 997 1506 Parthenion,
1018 1460 1240 1506 Phalesina,
1267 1460 1399 1499 Maro-

216 1545 291 1569 nea
302 1534 409 1582 prius
426 1530 681 1582 Orthagurea
695 1531 817 1575 dicta,
830 1545 942 1568 mons
955 1530 1144 1576 Serrium,
1156 1531 1262 1569 Zone
1276 1543 1285 1575 ;
1312 1537 1398 1569 turn

211 1601 318 1638 locus
349 1601 559 1638 Doriscum
589 1607 617 1639 ῐ
644 1600 849 1638 hominum
879 1614 1028 1651 capax:
1073 1603 1130 1637 ita
1160 1601 1315 1638 Xerxes
1344 1601 1398 1638 ibi

210 1671 479 1708 dinumeraw't
504 1672 749 1714 exercitum3
788 1683 830 1707 os
857 1670 997 1715 Hebri,
1022 1676 1160 1721 portus
1185 1669 1398 1715 Stentoris,

210 1740 401 1792 oppidum
424 1741 559 1778 Aenos
578 1739 748 1777 liberum
768 1753 858 1777 cum
885 1738 1070 1790 Polydori
1094 1740 1262 1785 tumulo,
1287 1739 1398 1778 Cico-

259 1891 273 1906 ⁰
296 1887 365 1919 Son
385 1887 420 1919 of
439 1887 554 1918 Priam
574 1886 642 1917 and
664 1886 818 1923 Hecuba,
838 1885 1018 1917 murdercd
1039 1886 1090 1917 for
1110 1886 1162 1918 his
1182 1890 1332 1918 treasure
1353 1887 1398 1929 by

214 1930 521 2006 {Iffir45sen-in-law
550 1929 798 1970 Polymnestor,
827 1929 908 1970 king
934 1928 971 1960 of
995 1929 1137 1966 Thrace,
1169 1928 1286 1970 virgil,
1311 1930 1396 1962 Aen.

216 2035 285 2080 148
