<?xml version="1.0" encoding="UTF-8"?>
<!DOCTYPE html PUBLIC "-//W3C//DTD XHTML 1.0 Transitional//EN"
    "http://www.w3.org/TR/xhtml1/DTD/xhtml1-transitional.dtd">
<html xmlns="http://www.w3.org/1999/xhtml" xml:lang="en" lang="en">
 <head>
  <title>
</title>
<meta http-equiv="Content-Type" content="text/html;charset=utf-8" />
  <meta name='ocr-system' content='tesseract 3.04.00' />
  <meta name='ocr-capabilities' content='ocr_page ocr_carea ocr_par ocr_line ocrx_word'/>
</head>
<body>
  <div class='ocr_page' id='page_1' title='image "./naturalhistory02plinuoft/naturalhistory02plinuoft_0500.png"; bbox 0 0 1515 2351; ppageno 0'>
   <div class='ocr_carea' id='block_1_1' title="bbox 108 246 167 277">
    <p class='ocr_par' dir='ltr' id='par_1_1' title="bbox 108 246 167 277">
     <span class='ocr_line' id='line_1_1' title="bbox 108 246 167 277; baseline 0.034 -2"><span class='ocrx_word' id='word_1_1' title='bbox 108 246 167 277; x_wconf 58' lang='lat'>106</span> 
     </span>
    </p>
   </div>
   <div class='ocr_carea' id='block_1_2' title="bbox 104 673 165 704">
    <p class='ocr_par' dir='ltr' id='par_1_2' title="bbox 104 673 165 704">
     <span class='ocr_line' id='line_1_2' title="bbox 104 673 165 704; baseline 0 -1"><span class='ocrx_word' id='word_1_2' title='bbox 104 673 165 704; x_wconf 82' lang='lat'>197</span> 
     </span>
    </p>
   </div>
   <div class='ocr_carea' id='block_1_3' title="bbox 111 1208 172 1239">
    <p class='ocr_par' dir='ltr' id='par_1_3' title="bbox 111 1208 172 1239">
     <span class='ocr_line' id='line_1_3' title="bbox 111 1208 172 1239; baseline 0 0"><span class='ocrx_word' id='word_1_3' title='bbox 111 1208 172 1239; x_wconf 82' lang='lat'>198</span> 
     </span>
    </p>
   </div>
   <div class='ocr_carea' id='block_1_4' title="bbox 397 137 1181 178">
    <p class='ocr_par' dir='ltr' id='par_1_4' title="bbox 397 137 1181 178">
     <span class='ocr_line' id='line_1_4' title="bbox 397 137 1181 178; baseline 0.003 -2"><span class='ocrx_word' id='word_1_4' title='bbox 397 137 566 176; x_wconf 86' lang='lat' dir='ltr'>PLINY</span> <span class='ocrx_word' id='word_1_5' title='bbox 579 153 589 176; x_wconf 73' lang='grc' dir='ltr'>ι</span> <span class='ocrx_word' id='word_1_6' title='bbox 641 139 677 176; x_wconf 92' lang='lat' dir='ltr'>N</span> <span class='ocrx_word' id='word_1_7' title='bbox 679 140 906 178; x_wconf 88' lang='lat' dir='ltr'>ATURAL</span> <span class='ocrx_word' id='word_1_8' title='bbox 942 139 1181 178; x_wconf 85' lang='lat' dir='ltr'>HISTORY</span> 
     </span>
    </p>
   </div>
   <div class='ocr_carea' id='block_1_5' title="bbox 187 241 1381 1721">
    <p class='ocr_par' dir='ltr' id='par_1_5' title="bbox 193 241 1381 1189">
     <span class='ocr_line' id='line_1_5' title="bbox 248 241 1381 292; baseline 0.004 -13"><span class='ocrx_word' id='word_1_9' title='bbox 248 241 495 292; x_wconf 83' lang='lat' dir='ltr'>Aethiopum</span> <span class='ocrx_word' id='word_1_10' title='bbox 531 248 682 280; x_wconf 84' lang='lat' dir='ltr'>terram</span> <span class='ocrx_word' id='word_1_11' title='bbox 720 247 945 282; x_wconf 82' lang='lat' dir='ltr'>universam</span> <span class='ocrx_word' id='word_1_12' title='bbox 981 257 1072 281; x_wconf 90' lang='lat' dir='ltr'>cum</span> <span class='ocrx_word' id='word_1_13' title='bbox 1109 246 1208 282; x_wconf 82' lang='lat' dir='ltr'>mari</span> <span class='ocrx_word' id='word_1_14' title='bbox 1245 242 1381 283; x_wconf 85' lang='lat' dir='ltr'>Rubro</span> 
     </span>
     <span class='ocr_line' id='line_1_6' title="bbox 197 296 1381 353; baseline 0.004 -21"><span class='ocrx_word' id='word_1_15' title='bbox 197 301 339 346; x_wconf 89' lang='lat' dir='ltr'>patere</span> <span class='ocrx_word' id='word_1_16' title='bbox 370 299 410 332; x_wconf 91' lang='lat' dir='ltr'>in</span> <span class='ocrx_word' id='word_1_17' title='bbox 441 296 732 347; x_wconf 85' lang='lat' dir='ltr'>longitudinem</span> <span class='ocrx_word' id='word_1_18' title='bbox 759 297 860 353; x_wconf 47' lang='lat' dir='ltr'>lgm}</span> <span class='ocrx_word' id='word_1_19' title='bbox 875 309 946 334; x_wconf 69' lang='lat' dir='ltr'>Lxx</span> <span class='ocrx_word' id='word_1_20' title='bbox 971 309 1026 346; x_wconf 90' lang='lat' dir='ltr'>p.</span> <span class='ocrx_word' id='word_1_21' title='bbox 1050 300 1092 334; x_wconf 90' lang='lat' dir='ltr'>in</span> <span class='ocrx_word' id='word_1_22' title='bbox 1122 297 1381 336; x_wconf 81' lang='lat' dir='ltr'>latitudinem</span> 
     </span>
     <span class='ocr_line' id='line_1_7' title="bbox 196 351 1381 401; baseline 0.003 -15"><span class='ocrx_word' id='word_1_23' title='bbox 196 362 288 386; x_wconf 87' lang='lat' dir='ltr'>cum</span> <span class='ocrx_word' id='word_1_24' title='bbox 313 352 516 399; x_wconf 80' lang='lat' dir='ltr'>superiore</span> <span class='ocrx_word' id='word_1_25' title='bbox 535 351 726 400; x_wconf 76' lang='lat' dir='ltr'>Aegypto</span> <span class='ocrx_word' id='word_1_26' title='bbox 755 356 835 400; x_wconf 75' lang='grc' dir='ltr'>Ικιη</span> <span class='ocrx_word' id='word_1_27' title='bbox 869 361 955 385; x_wconf 73' lang='lat' dir='ltr'>xcvi</span> <span class='ocrx_word' id='word_1_28' title='bbox 977 351 1157 401; x_wconf 81' lang='lat' dir='ltr'>Agrippa</span> <span class='ocrx_word' id='word_1_29' title='bbox 1177 354 1381 389; x_wconf 82' lang='lat' dir='ltr'>existima-</span> 
     </span>
     <span class='ocr_line' id='line_1_8' title="bbox 198 402 1380 453; baseline 0.003 -14"><span class='ocrx_word' id='word_1_30' title='bbox 198 405 266 439; x_wconf 87' lang='lat' dir='ltr'>vit.</span> <span class='ocrx_word' id='word_1_31' title='bbox 325 403 488 452; x_wconf 90' lang='lat' dir='ltr'>quidam</span> <span class='ocrx_word' id='word_1_32' title='bbox 507 403 799 453; x_wconf 80' lang='lat' dir='ltr'>longitudinem</span> <span class='ocrx_word' id='word_1_33' title='bbox 826 406 882 439; x_wconf 88' lang='lat' dir='ltr'>ita</span> <span class='ocrx_word' id='word_1_34' title='bbox 909 402 1150 441; x_wconf 87' lang='lat' dir='ltr'>diviserunt.</span> <span class='ocrx_word' id='word_1_35' title='bbox 1184 417 1207 441; x_wconf 90' lang='lat' dir='ltr'>a</span> <span class='ocrx_word' id='word_1_36' title='bbox 1239 404 1380 443; x_wconf 84' lang='lat' dir='ltr'>Meroe</span> 
     </span>
     <span class='ocr_line' id='line_1_9' title="bbox 197 455 1378 506; baseline 0.003 -14"><span class='ocrx_word' id='word_1_37' title='bbox 197 455 389 493; x_wconf 80' lang='lat' dir='ltr'>Sirbitum</span> <span class='ocrx_word' id='word_1_38' title='bbox 423 468 479 493; x_wconf 75' lang='grc' dir='ltr'>ΧΠ</span> <span class='ocrx_word' id='word_1_39' title='bbox 514 456 668 494; x_wconf 88' lang='lat' dir='ltr'>dierum</span> <span class='ocrx_word' id='word_1_40' title='bbox 702 459 1015 506; x_wconf 81' lang='lat' dir='ltr'>navigationem,</span> <span class='ocrx_word' id='word_1_41' title='bbox 1049 457 1100 494; x_wconf 90' lang='lat' dir='ltr'>ab</span> <span class='ocrx_word' id='word_1_42' title='bbox 1129 456 1203 494; x_wconf 90' lang='lat' dir='ltr'>eo¹</span> <span class='ocrx_word' id='word_1_43' title='bbox 1234 469 1290 495; x_wconf 75' lang='grc' dir='ltr'>κῃ</span> <span class='ocrx_word' id='word_1_44' title='bbox 1327 458 1378 496; x_wconf 90' lang='lat' dir='ltr'>ad</span> 
     </span>
     <span class='ocr_line' id='line_1_10' title="bbox 199 509 1377 559; baseline 0.003 -14"><span class='ocrx_word' id='word_1_45' title='bbox 199 509 405 553; x_wconf 86' lang='lat' dir='ltr'>Dabellos,</span> <span class='ocrx_word' id='word_1_46' title='bbox 425 509 476 546; x_wconf 92' lang='lat' dir='ltr'>ab</span> <span class='ocrx_word' id='word_1_47' title='bbox 495 509 555 547; x_wconf 88' lang='lat' dir='ltr'>his</span> <span class='ocrx_word' id='word_1_48' title='bbox 575 510 626 547; x_wconf 89' lang='lat' dir='ltr'>ad</span> <span class='ocrx_word' id='word_1_49' title='bbox 646 523 841 547; x_wconf 91' lang='lat' dir='ltr'>oceanum</span> <span class='ocrx_word' id='word_1_50' title='bbox 860 509 1143 559; x_wconf 83' lang='lat' dir='ltr'>Aethiopicum</span> <span class='ocrx_word' id='word_1_51' title='bbox 1164 523 1202 547; x_wconf 77' lang='lat' dir='ltr'>vi</span> <span class='ocrx_word' id='word_1_52' title='bbox 1223 511 1377 549; x_wconf 88' lang='lat' dir='ltr'>dierum</span> 
     </span>
     <span class='ocr_line' id='line_1_11' title="bbox 196 563 1376 601; baseline 0.002 -2"><span class='ocrx_word' id='word_1_53' title='bbox 196 565 285 600; x_wconf 88' lang='lat' dir='ltr'>iter.</span> <span class='ocrx_word' id='word_1_54' title='bbox 339 565 379 600; x_wconf 90' lang='lat' dir='ltr'>in</span> <span class='ocrx_word' id='word_1_55' title='bbox 405 568 536 600; x_wconf 86' lang='lat' dir='ltr'>totum</span> <span class='ocrx_word' id='word_1_56' title='bbox 564 570 701 600; x_wconf 85' lang='lat' dir='ltr'>autem</span> <span class='ocrx_word' id='word_1_57' title='bbox 727 564 778 600; x_wconf 91' lang='lat' dir='ltr'>ab</span> <span class='ocrx_word' id='word_1_58' title='bbox 803 576 954 600; x_wconf 87' lang='lat' dir='ltr'>oceano</span> <span class='ocrx_word' id='word_1_59' title='bbox 979 564 1030 601; x_wconf 93' lang='lat' dir='ltr'>ad</span> <span class='ocrx_word' id='word_1_60' title='bbox 1058 563 1226 601; x_wconf 87' lang='lat' dir='ltr'>Meroen</span> <span class='ocrx_word' id='word_1_61' title='bbox 1254 575 1376 600; x_wconf 80' lang='lat' dir='ltr'>Dcxxv</span> 
     </span>
     <span class='ocr_line' id='line_1_12' title="bbox 196 616 1376 668; baseline 0.001 -15"><span class='ocrx_word' id='word_1_62' title='bbox 196 629 235 666; x_wconf 91' lang='lat' dir='ltr'>p.</span> <span class='ocrx_word' id='word_1_63' title='bbox 271 629 356 653; x_wconf 89' lang='lat' dir='ltr'>esse</span> <span class='ocrx_word' id='word_1_64' title='bbox 390 619 496 653; x_wconf 87' lang='lat' dir='ltr'>inter</span> <span class='ocrx_word' id='word_1_65' title='bbox 527 623 709 654; x_wconf 80' lang='lat' dir='ltr'>auctores</span> <span class='ocrx_word' id='word_1_66' title='bbox 741 616 826 655; x_wconf 86' lang='lat' dir='ltr'>fere</span> <span class='ocrx_word' id='word_1_67' title='bbox 857 620 1059 661; x_wconf 83' lang='lat' dir='ltr'>convenit,</span> <span class='ocrx_word' id='word_1_68' title='bbox 1091 617 1184 655; x_wconf 88' lang='lat' dir='ltr'>inde</span> <span class='ocrx_word' id='word_1_69' title='bbox 1216 617 1376 668; x_wconf 87' lang='lat' dir='ltr'>Syenen</span> 
     </span>
     <span class='ocr_line' id='line_1_13' title="bbox 196 669 1377 720; baseline 0.002 -14"><span class='ocrx_word' id='word_1_70' title='bbox 196 675 392 720; x_wconf 81' lang='lat' dir='ltr'>quantum</span> <span class='ocrx_word' id='word_1_71' title='bbox 430 670 614 707; x_wconf 86' lang='lat' dir='ltr'>diximus.</span> <span class='ocrx_word' id='word_1_72' title='bbox 669 673 746 707; x_wconf 81' lang='lat' dir='ltr'>sita</span> <span class='ocrx_word' id='word_1_73' title='bbox 784 675 845 707; x_wconf 83' lang='lat' dir='ltr'>est</span> <span class='ocrx_word' id='word_1_74' title='bbox 883 669 1100 720; x_wconf 84' lang='lat' dir='ltr'>Aethiopia</span> <span class='ocrx_word' id='word_1_75' title='bbox 1135 671 1187 708; x_wconf 91' lang='lat' dir='ltr'>ab</span> <span class='ocrx_word' id='word_1_76' title='bbox 1223 673 1377 708; x_wconf 85' lang='lat' dir='ltr'>oriente</span> 
     </span>
     <span class='ocr_line' id='line_1_14' title="bbox 195 722 1375 762; baseline 0.003 -3"><span class='ocrx_word' id='word_1_77' title='bbox 195 722 361 760; x_wconf 87' lang='lat' dir='ltr'>hiberno</span> <span class='ocrx_word' id='word_1_78' title='bbox 382 723 433 760; x_wconf 88' lang='lat' dir='ltr'>ad</span> <span class='ocrx_word' id='word_1_79' title='bbox 453 724 703 761; x_wconf 81' lang='lat' dir='ltr'>occidentem</span> <span class='ocrx_word' id='word_1_80' title='bbox 722 722 933 761; x_wconf 87' lang='lat' dir='ltr'>hibernum</span> <span class='ocrx_word' id='word_1_81' title='bbox 959 723 1178 761; x_wconf 84' lang='lat' dir='ltr'>meridiano</span> <span class='ocrx_word' id='word_1_82' title='bbox 1200 724 1375 762; x_wconf 84' lang='lat' dir='ltr'>cardine.</span> 
     </span>
     <span class='ocr_line' id='line_1_15' title="bbox 195 775 1378 827; baseline 0.001 -13"><span class='ocrx_word' id='word_1_83' title='bbox 195 776 331 820; x_wconf 89' lang='lat' dir='ltr'>silvae,</span> <span class='ocrx_word' id='word_1_84' title='bbox 355 775 513 814; x_wconf 89' lang='lat' dir='ltr'>hebeno</span> <span class='ocrx_word' id='word_1_85' title='bbox 528 777 543 800; x_wconf 87' lang='lat'><strong>2</strong></span> <span class='ocrx_word' id='word_1_86' title='bbox 567 780 757 821; x_wconf 85' lang='lat' dir='ltr'>maxime,</span> <span class='ocrx_word' id='word_1_87' title='bbox 780 780 922 814; x_wconf 85' lang='lat' dir='ltr'>virent.</span> <span class='ocrx_word' id='word_1_88' title='bbox 944 790 968 813; x_wconf 85' lang='lat' dir='ltr'>a</span> <span class='ocrx_word' id='word_1_89' title='bbox 987 778 1121 814; x_wconf 90' lang='lat' dir='ltr'>media</span> <span class='ocrx_word' id='word_1_90' title='bbox 1149 781 1233 815; x_wconf 90' lang='lat' dir='ltr'>eius</span> <span class='ocrx_word' id='word_1_91' title='bbox 1261 783 1378 827; x_wconf 80' lang='lat' dir='ltr'>parte</span> 
     </span>
     <span class='ocr_line' id='line_1_16' title="bbox 198 831 1377 882; baseline 0.002 -16"><span class='ocrx_word' id='word_1_92' title='bbox 198 832 408 867; x_wconf 85' lang='lat' dir='ltr'>imminens</span> <span class='ocrx_word' id='word_1_93' title='bbox 428 832 527 867; x_wconf 81' lang='lat' dir='ltr'>mari</span> <span class='ocrx_word' id='word_1_94' title='bbox 546 844 659 867; x_wconf 89' lang='lat' dir='ltr'>mons</span> <span class='ocrx_word' id='word_1_95' title='bbox 679 831 858 868; x_wconf 78' lang='lat' dir='ltr'>excelsus</span> <span class='ocrx_word' id='word_1_96' title='bbox 878 835 1052 868; x_wconf 82' lang='lat' dir='ltr'>aeternis</span> <span class='ocrx_word' id='word_1_97' title='bbox 1072 831 1187 868; x_wconf 83' lang='lat' dir='ltr'>ardet</span> <span class='ocrx_word' id='word_1_98' title='bbox 1206 831 1377 882; x_wconf 86' lang='lat' dir='ltr'>ignibus,</span> 
     </span>
     <span class='ocr_line' id='line_1_17' title="bbox 194 882 1379 935; baseline 0.002 -15"><span class='ocrx_word' id='word_1_99' title='bbox 194 882 334 920; x_wconf 89' lang='lat' dir='ltr'>Theon</span> <span class='ocrx_word' id='word_1_100' title='bbox 350 882 531 921; x_wconf 88' lang='lat' dir='ltr'>Ochema</span> <span class='ocrx_word' id='word_1_101' title='bbox 546 884 676 921; x_wconf 84' lang='lat' dir='ltr'>dictus</span> <span class='ocrx_word' id='word_1_102' title='bbox 695 897 718 920; x_wconf 86' lang='lat' dir='ltr'>a</span> <span class='ocrx_word' id='word_1_103' title='bbox 740 883 925 923; x_wconf 83' lang='lat' dir='ltr'>Graecis:</span> <span class='ocrx_word' id='word_1_104' title='bbox 950 897 972 920; x_wconf 92' lang='lat' dir='ltr'>a</span> <span class='ocrx_word' id='word_1_105' title='bbox 993 897 1072 934; x_wconf 90' lang='lat' dir='ltr'>quo</span> <span class='ocrx_word' id='word_1_106' title='bbox 1091 887 1347 935; x_wconf 80' lang='lat' dir='ltr'>navigatione</span> <span class='ocrx_word' id='word_1_107' title='bbox 1362 884 1379 909; x_wconf 79' lang='lat'>⁸</span> 
     </span>
     <span class='ocr_line' id='line_1_18' title="bbox 196 937 1378 988; baseline 0.001 -14"><span class='ocrx_word' id='word_1_108' title='bbox 196 937 406 987; x_wconf 87' lang='lat' dir='ltr'>quadridui</span> <span class='ocrx_word' id='word_1_109' title='bbox 421 937 438 961; x_wconf 72' lang='lat'><strong>⁴</strong></span> <span class='ocrx_word' id='word_1_110' title='bbox 488 940 808 987; x_wconf 90' lang='lat' dir='ltr'>promunturium</span> <span class='ocrx_word' id='word_1_111' title='bbox 861 937 968 988; x_wconf 91' lang='lat' dir='ltr'>quod</span> <span class='ocrx_word' id='word_1_112' title='bbox 1021 937 1205 988; x_wconf 85' lang='lat' dir='ltr'>Hesperu</span> <span class='ocrx_word' id='word_1_113' title='bbox 1257 937 1378 975; x_wconf 86' lang='lat' dir='ltr'>Ceras</span> 
     </span>
     <span class='ocr_line' id='line_1_19' title="bbox 195 990 1377 1041; baseline 0.003 -16"><span class='ocrx_word' id='word_1_114' title='bbox 195 994 363 1026; x_wconf 82' lang='lat' dir='ltr'>vocatur</span> <span class='ocrx_word' id='word_1_115' title='bbox 386 991 543 1028; x_wconf 84' lang='lat' dir='ltr'>confine</span> <span class='ocrx_word' id='word_1_116' title='bbox 570 991 732 1028; x_wconf 88' lang='lat' dir='ltr'>Africae</span> <span class='ocrx_word' id='word_1_117' title='bbox 758 994 872 1028; x_wconf 87' lang='lat' dir='ltr'>iuxta</span> <span class='ocrx_word' id='word_1_118' title='bbox 898 990 1121 1041; x_wconf 77' lang='lat' dir='ltr'>Aethiopas</span> <span class='ocrx_word' id='word_1_119' title='bbox 1149 991 1377 1041; x_wconf 87' lang='lat' dir='ltr'>Hesperios.</span> 
     </span>
     <span class='ocr_line' id='line_1_20' title="bbox 195 1044 1379 1094; baseline 0.001 -13"><span class='ocrx_word' id='word_1_120' title='bbox 195 1044 357 1094; x_wconf 86' lang='lat' dir='ltr'>quidam</span> <span class='ocrx_word' id='word_1_121' title='bbox 401 1050 442 1082; x_wconf 87' lang='lat' dir='ltr'>et</span> <span class='ocrx_word' id='word_1_122' title='bbox 484 1047 525 1081; x_wconf 93' lang='lat' dir='ltr'>in</span> <span class='ocrx_word' id='word_1_123' title='bbox 567 1057 615 1082; x_wconf 88' lang='lat' dir='ltr'>eo</span> <span class='ocrx_word' id='word_1_124' title='bbox 655 1049 789 1082; x_wconf 88' lang='lat' dir='ltr'>tractu</span> <span class='ocrx_word' id='word_1_125' title='bbox 831 1045 1006 1082; x_wconf 88' lang='lat' dir='ltr'>modicos</span> <span class='ocrx_word' id='word_1_126' title='bbox 1046 1045 1167 1081; x_wconf 87' lang='lat' dir='ltr'>colles</span> <span class='ocrx_word' id='word_1_127' title='bbox 1209 1057 1379 1082; x_wconf 81' lang='lat' dir='ltr'>amoena</span> 
     </span>
     <span class='ocr_line' id='line_1_21' title="bbox 194 1097 1380 1149; baseline 0.001 -14"><span class='ocrx_word' id='word_1_128' title='bbox 194 1101 398 1147; x_wconf 85' lang='lat' dir='ltr'>opacitate</span> <span class='ocrx_word' id='word_1_129' title='bbox 437 1100 603 1135; x_wconf 87' lang='lat' dir='ltr'>vestitos</span> <span class='ocrx_word' id='word_1_130' title='bbox 642 1098 898 1148; x_wconf 79' lang='lat' dir='ltr'>Aegipanum</span> <span class='ocrx_word' id='word_1_131' title='bbox 936 1097 1253 1149; x_wconf 85' lang='lat' dir='ltr'>Satyrorumque</span> <span class='ocrx_word' id='word_1_132' title='bbox 1289 1111 1380 1148; x_wconf 82' lang='lat' dir='ltr'>pro-</span> 
     </span>
     <span class='ocr_line' id='line_1_22' title="bbox 193 1151 308 1189; baseline 0.009 -1"><span class='ocrx_word' id='word_1_133' title='bbox 193 1151 308 1189; x_wconf 83' lang='lat' dir='ltr'>dunt.</span> 
     </span>
    </p>

    <p class='ocr_par' dir='ltr' id='par_1_6' title="bbox 187 1204 1378 1563">
     <span class='ocr_line' id='line_1_23' title="bbox 243 1204 1377 1255; baseline 0.001 -14"><span class='ocrx_word' id='word_1_134' title='bbox 243 1204 429 1242; x_wconf 86' lang='lat' dir='ltr'>XXXVI.</span> <span class='ocrx_word' id='word_1_135' title='bbox 461 1205 614 1242; x_wconf 87' lang='lat' dir='ltr'>Insulas</span> <span class='ocrx_word' id='word_1_136' title='bbox 641 1210 731 1242; x_wconf 86' lang='lat' dir='ltr'>toto</span> <span class='ocrx_word' id='word_1_137' title='bbox 760 1205 845 1242; x_wconf 89' lang='lat' dir='ltr'>Eoo</span> <span class='ocrx_word' id='word_1_138' title='bbox 873 1207 973 1242; x_wconf 82' lang='lat' dir='ltr'>mari</span> <span class='ocrx_word' id='word_1_139' title='bbox 1003 1210 1046 1242; x_wconf 83' lang='lat' dir='ltr'>et</span> <span class='ocrx_word' id='word_1_140' title='bbox 1076 1204 1258 1255; x_wconf 89' lang='lat' dir='ltr'>Ephorus</span> <span class='ocrx_word' id='word_1_141' title='bbox 1286 1217 1377 1242; x_wconf 89' lang='lat' dir='ltr'>con—</span> 
     </span>
     <span class='ocr_line' id='line_1_24' title="bbox 189 1257 1376 1308; baseline 0.001 -14"><span class='ocrx_word' id='word_1_142' title='bbox 189 1257 310 1308; x_wconf 86' lang='lat' dir='ltr'>pluris</span> <span class='ocrx_word' id='word_1_143' title='bbox 335 1271 422 1295; x_wconf 85' lang='lat' dir='ltr'>esse</span> <span class='ocrx_word' id='word_1_144' title='bbox 440 1258 609 1296; x_wconf 83' lang='lat' dir='ltr'>tradidit</span> <span class='ocrx_word' id='word_1_145' title='bbox 629 1264 671 1296; x_wconf 86' lang='lat' dir='ltr'>et</span> <span class='ocrx_word' id='word_1_146' title='bbox 692 1257 884 1296; x_wconf 83' lang='lat' dir='ltr'>Eudoxus</span> <span class='ocrx_word' id='word_1_147' title='bbox 904 1264 946 1296; x_wconf 87' lang='lat' dir='ltr'>et</span> <span class='ocrx_word' id='word_1_148' title='bbox 965 1257 1259 1303; x_wconf 85' lang='lat' dir='ltr'>Timosthenes,</span> <span class='ocrx_word' id='word_1_149' title='bbox 1278 1258 1376 1296; x_wconf 83' lang='lat' dir='ltr'>Clit-</span> 
     </span>
     <span class='ocr_line' id='line_1_25' title="bbox 189 1311 1378 1363; baseline 0.003 -16"><span class='ocrx_word' id='word_1_150' title='bbox 189 1311 329 1348; x_wconf 85' lang='lat' dir='ltr'>archus</span> <span class='ocrx_word' id='word_1_151' title='bbox 346 1325 438 1349; x_wconf 82' lang='lat' dir='ltr'>vero</span> <span class='ocrx_word' id='word_1_152' title='bbox 454 1311 685 1349; x_wconf 82' lang='lat' dir='ltr'>Alexandro</span> <span class='ocrx_word' id='word_1_153' title='bbox 706 1315 788 1363; x_wconf 80' lang='lat' dir='ltr'>regi</span> <span class='ocrx_word' id='word_1_154' title='bbox 810 1315 1081 1349; x_wconf 86' lang='lat' dir='ltr'>renuntiatam</span> <span class='ocrx_word' id='word_1_155' title='bbox 1102 1324 1224 1348; x_wconf 86' lang='lat' dir='ltr'>unam</span> <span class='ocrx_word' id='word_1_156' title='bbox 1240 1311 1256 1335; x_wconf 80' lang='lat'>⁵</span> <span class='ocrx_word' id='word_1_157' title='bbox 1276 1312 1378 1350; x_wconf 82' lang='lat' dir='ltr'>adeo</span> 
     </span>
     <span class='ocr_line' id='line_1_26' title="bbox 189 1365 1377 1416; baseline 0.002 -15"><span class='ocrx_word' id='word_1_158' title='bbox 189 1365 355 1402; x_wconf 75' lang='lat' dir='ltr'>divitem</span> <span class='ocrx_word' id='word_1_159' title='bbox 381 1372 427 1402; x_wconf 85' lang='lat' dir='ltr'>ut</span> <span class='ocrx_word' id='word_1_160' title='bbox 453 1378 576 1416; x_wconf 83' lang='lat' dir='ltr'>equos</span> <span class='ocrx_word' id='word_1_161' title='bbox 601 1365 758 1403; x_wconf 86' lang='lat' dir='ltr'>incolae</span> <span class='ocrx_word' id='word_1_162' title='bbox 782 1365 948 1402; x_wconf 83' lang='lat' dir='ltr'>talentis</span> <span class='ocrx_word' id='word_1_163' title='bbox 973 1369 1058 1402; x_wconf 87' lang='lat' dir='ltr'>auri</span> <span class='ocrx_word' id='word_1_164' title='bbox 1084 1372 1377 1415; x_wconf 83' lang='lat' dir='ltr'>permutarent,</span> 
     </span>
     <span class='ocr_line' id='line_1_27' title="bbox 189 1418 1376 1469; baseline 0.001 -14"><span class='ocrx_word' id='word_1_165' title='bbox 189 1418 359 1455; x_wconf 84' lang='lat' dir='ltr'>alteram</span> <span class='ocrx_word' id='word_1_166' title='bbox 385 1419 453 1456; x_wconf 91' lang='lat' dir='ltr'>ubi</span> <span class='ocrx_word' id='word_1_167' title='bbox 477 1432 591 1456; x_wconf 90' lang='lat' dir='ltr'>sacer</span> <span class='ocrx_word' id='word_1_168' title='bbox 614 1432 727 1456; x_wconf 87' lang='lat' dir='ltr'>mons</span> <span class='ocrx_word' id='word_1_169' title='bbox 753 1431 900 1469; x_wconf 80' lang='lat' dir='ltr'>opacus</span> <span class='ocrx_word' id='word_1_170' title='bbox 925 1418 1023 1456; x_wconf 90' lang='lat' dir='ltr'>silva</span> <span class='ocrx_word' id='word_1_171' title='bbox 1047 1425 1230 1469; x_wconf 85' lang='lat' dir='ltr'>repertus</span> <span class='ocrx_word' id='word_1_172' title='bbox 1255 1425 1376 1462; x_wconf 84' lang='lat' dir='ltr'>esset,</span> 
     </span>
     <span class='ocr_line' id='line_1_28' title="bbox 188 1471 1374 1510; baseline 0 -2"><span class='ocrx_word' id='word_1_173' title='bbox 188 1471 422 1509; x_wconf 82' lang='lat' dir='ltr'>destillante</span> <span class='ocrx_word' id='word_1_174' title='bbox 445 1473 650 1509; x_wconf 86' lang='lat' dir='ltr'>arboribus</span> <span class='ocrx_word' id='word_1_175' title='bbox 673 1473 796 1510; x_wconf 89' lang='lat' dir='ltr'>odore</span> <span class='ocrx_word' id='word_1_176' title='bbox 816 1475 943 1509; x_wconf 88' lang='lat' dir='ltr'>mirae</span> <span class='ocrx_word' id='word_1_177' title='bbox 963 1474 1185 1510; x_wconf 87' lang='lat' dir='ltr'>suavitatis.</span> <span class='ocrx_word' id='word_1_178' title='bbox 1238 1478 1374 1510; x_wconf 81' lang='lat' dir='ltr'>contra</span> 
     </span>
     <span class='ocr_line' id='line_1_29' title="bbox 187 1525 1378 1563; baseline 0.001 -1"><span class='ocrx_word' id='word_1_179' title='bbox 187 1528 317 1562; x_wconf 88' lang='lat' dir='ltr'>sinum</span> <span class='ocrx_word' id='word_1_180' title='bbox 362 1525 563 1563; x_wconf 89' lang='lat' dir='ltr'>Persicum</span> <span class='ocrx_word' id='word_1_181' title='bbox 604 1526 733 1563; x_wconf 91' lang='lat' dir='ltr'>Cerne</span> <span class='ocrx_word' id='word_1_182' title='bbox 773 1529 1005 1563; x_wconf 87' lang='lat' dir='ltr'>nominatur</span> <span class='ocrx_word' id='word_1_183' title='bbox 1042 1526 1171 1563; x_wconf 84' lang='lat' dir='ltr'>insula</span> <span class='ocrx_word' id='word_1_184' title='bbox 1210 1526 1378 1563; x_wconf 82' lang='lat' dir='ltr'>adversa</span> 
     </span>
    </p>

    <p class='ocr_par' dir='ltr' id='par_1_7' title="bbox 535 1593 970 1721">
     <span class='ocr_line' id='line_1_30' title="bbox 543 1593 840 1626; baseline 0 0"><span class='ocrx_word' id='word_1_185' title='bbox 543 1595 551 1613; x_wconf 93' lang='lat'>¹</span> <span class='ocrx_word' id='word_1_186' title='bbox 578 1593 766 1626; x_wconf 77' lang='lat' dir='ltr'>Rackham:</span> <span class='ocrx_word' id='word_1_187' title='bbox 790 1604 840 1626; x_wconf 78' lang='lat' dir='ltr'>oa.</span> 
     </span>
     <span class='ocr_line' id='line_1_31' title="bbox 536 1637 908 1679; baseline 0 -11"><span class='ocrx_word' id='word_1_188' title='bbox 536 1637 548 1656; x_wconf 85' lang='lat'><em>²</em></span> <span class='ocrx_word' id='word_1_189' title='bbox 573 1637 715 1669; x_wconf 89' lang='lat' dir='ltr'>hiberno</span> <span class='ocrx_word' id='word_1_190' title='bbox 732 1637 908 1679; x_wconf 71' lang='lat' dir='ltr'>Dellessen.</span> 
     </span>
     <span class='ocr_line' id='line_1_32' title="bbox 535 1680 970 1721; baseline 0 -10"><span class='ocrx_word' id='word_1_191' title='bbox 535 1681 548 1700; x_wconf 81' lang='lat'><strong>³</strong></span> <span class='ocrx_word' id='word_1_192' title='bbox 573 1680 756 1721; x_wconf 71' lang='lat' dir='ltr'>Detlessen:</span> <span class='ocrx_word' id='word_1_193' title='bbox 783 1680 970 1718; x_wconf 64' lang='lat' dir='ltr'>navinatio.</span> 
     </span>
    </p>
   </div>
   <div class='ocr_carea' id='block_1_6' title="bbox 534 1723 980 1799">
    <p class='ocr_par' dir='ltr' id='par_1_8' title="bbox 534 1723 980 1799">
     <span class='ocr_line' id='line_1_33' title="bbox 535 1723 980 1764; baseline 0 -10"><span class='ocrx_word' id='word_1_194' title='bbox 535 1724 548 1743; x_wconf 81' lang='lat'><strong>⁴</strong></span> <span class='ocrx_word' id='word_1_195' title='bbox 573 1723 754 1764; x_wconf 78' lang='lat' dir='ltr'>quadridui</span> <span class='ocrx_word' id='word_1_196' title='bbox 772 1723 814 1754; x_wconf 82' lang='lat' dir='ltr'>ad</span> <span class='ocrx_word' id='word_1_197' title='bbox 832 1723 903 1754; x_wconf 76' lang='lat' dir='ltr'>edd.</span> <span class='ocrx_word' id='word_1_198' title='bbox 921 1727 980 1754; x_wconf 72' lang='lat' dir='ltr'>vet.</span> 
     </span>
     <span class='ocr_line' id='line_1_34' title="bbox 534 1765 964 1799; baseline 0.002 -2"><span class='ocrx_word' id='word_1_199' title='bbox 534 1765 546 1785; x_wconf 78' lang='lat'><strong>⁶</strong></span> <span class='ocrx_word' id='word_1_200' title='bbox 571 1777 675 1798; x_wconf 81' lang='lat' dir='ltr'>unam</span> <span class='ocrx_word' id='word_1_201' title='bbox 690 1765 766 1798; x_wconf 79' lang='lat' dir='ltr'>add.</span> <span class='ocrx_word' id='word_1_202' title='bbox 783 1766 964 1799; x_wconf 70' lang='lat' dir='ltr'>Beck-ham.</span> 
     </span>
    </p>
   </div>
   <div class='ocr_carea' id='block_1_7' title="bbox 1255 562 1378 570">
    <p class='ocr_par' dir='ltr' id='par_1_9' title="bbox 1255 562 1378 570">
     <span class='ocr_line' id='line_1_35' title="bbox 1255 562 1378 570; baseline 0 1781"><span class='ocrx_word' id='word_1_203' title='bbox 1255 562 1378 570; x_wconf 95' lang='lat' dir='ltr'> </span> 
     </span>
    </p>
   </div>
   <div class='ocr_carea' id='block_1_8' title="bbox 186 1851 1374 1979">
    <p class='ocr_par' dir='ltr' id='par_1_10' title="bbox 186 1851 1374 1979">
     <span class='ocr_line' id='line_1_36' title="bbox 233 1851 1374 1893; baseline 0.002 -10"><span class='ocrx_word' id='word_1_204' title='bbox 233 1856 248 1871; x_wconf 79' lang='lat'><strong>⁰</strong></span> <span class='ocrx_word' id='word_1_205' title='bbox 269 1852 342 1883; x_wconf 86' lang='lat' dir='ltr'>The</span> <span class='ocrx_word' id='word_1_206' title='bbox 355 1851 478 1893; x_wconf 76' lang='lat' dir='ltr'>figures</span> <span class='ocrx_word' id='word_1_207' title='bbox 495 1853 528 1883; x_wconf 88' lang='lat' dir='ltr'>in</span> <span class='ocrx_word' id='word_1_208' title='bbox 548 1852 617 1883; x_wconf 79' lang='lat' dir='ltr'>this</span> <span class='ocrx_word' id='word_1_209' title='bbox 635 1853 763 1884; x_wconf 75' lang='lat' dir='ltr'>section</span> <span class='ocrx_word' id='word_1_210' title='bbox 782 1862 839 1884; x_wconf 83' lang='lat' dir='ltr'>are</span> <span class='ocrx_word' id='word_1_211' title='bbox 855 1852 956 1893; x_wconf 77' lang='lat' dir='ltr'>again</span> <span class='ocrx_word' id='word_1_212' title='bbox 974 1853 1164 1889; x_wconf 77' lang='lat' dir='ltr'>uncertain,</span> <span class='ocrx_word' id='word_1_213' title='bbox 1183 1851 1226 1883; x_wconf 85' lang='lat' dir='ltr'>cf.</span> <span class='ocrx_word' id='word_1_214' title='bbox 1245 1853 1258 1891; x_wconf 73' lang='grc' dir='ltr'><strong>ξ</strong></span> <span class='ocrx_word' id='word_1_215' title='bbox 1277 1853 1374 1885; x_wconf 73' lang='grc' dir='ltr'>183η.</span> 
     </span>
     <span class='ocr_line' id='line_1_37' title="bbox 235 1894 1374 1937; baseline 0.002 -11"><span class='ocrx_word' id='word_1_216' title='bbox 235 1894 248 1915; x_wconf 68' lang='lat'><em>⁶</em></span> <span class='ocrx_word' id='word_1_217' title='bbox 271 1895 344 1932; x_wconf 75' lang='lat' dir='ltr'>Le..</span> <span class='ocrx_word' id='word_1_218' title='bbox 364 1896 389 1926; x_wconf 89' lang='lat' dir='ltr'>it</span> <span class='ocrx_word' id='word_1_219' title='bbox 410 1895 436 1926; x_wconf 85' lang='lat' dir='ltr'>is</span> <span class='ocrx_word' id='word_1_220' title='bbox 454 1905 498 1926; x_wconf 79' lang='lat' dir='ltr'>an</span> <span class='ocrx_word' id='word_1_221' title='bbox 519 1895 672 1926; x_wconf 74' lang='lat' dir='ltr'>isosceles</span> <span class='ocrx_word' id='word_1_222' title='bbox 688 1894 833 1936; x_wconf 75' lang='lat' dir='ltr'>triangle</span> <span class='ocrx_word' id='word_1_223' title='bbox 851 1895 932 1926; x_wconf 80' lang='lat' dir='ltr'>with</span> <span class='ocrx_word' id='word_1_224' title='bbox 953 1896 998 1927; x_wconf 70' lang='lat' dir='ltr'>its</span> <span class='ocrx_word' id='word_1_225' title='bbox 1015 1897 1113 1936; x_wconf 76' lang='lat' dir='ltr'>(very</span> <span class='ocrx_word' id='word_1_226' title='bbox 1131 1895 1268 1935; x_wconf 78' lang='lat' dir='ltr'>obtuse)</span> <span class='ocrx_word' id='word_1_227' title='bbox 1285 1905 1374 1937; x_wconf 76' lang='lat' dir='ltr'>apex</span> 
     </span>
     <span class='ocr_line' id='line_1_38' title="bbox 186 1937 1374 1979; baseline 0.001 -10"><span class='ocrx_word' id='word_1_228' title='bbox 186 1939 344 1979; x_wconf 83' lang='lat' dir='ltr'>pointing</span> <span class='ocrx_word' id='word_1_229' title='bbox 372 1937 485 1969; x_wconf 80' lang='lat' dir='ltr'>north.</span> <span class='ocrx_word' id='word_1_230' title='bbox 533 1937 697 1970; x_wconf 74' lang='lat' dir='ltr'>Previous</span> <span class='ocrx_word' id='word_1_231' title='bbox 719 1938 797 1970; x_wconf 87' lang='lat' dir='ltr'>edd.</span> <span class='ocrx_word' id='word_1_232' title='bbox 821 1937 903 1969; x_wconf 78' lang='lat' dir='ltr'>take</span> <span class='ocrx_word' id='word_1_233' title='bbox 925 1937 1111 1970; x_wconf 78' lang='lat' dir='ltr'>meridiano</span> <span class='ocrx_word' id='word_1_234' title='bbox 1134 1938 1268 1970; x_wconf 74' lang='lat' dir='ltr'>cardine</span> <span class='ocrx_word' id='word_1_235' title='bbox 1291 1939 1374 1970; x_wconf 83' lang='lat' dir='ltr'>with</span> 
     </span>
    </p>
   </div>
   <div class='ocr_carea' id='block_1_9' title="bbox 187 1980 602 2055">
    <p class='ocr_par' dir='ltr' id='par_1_11' title="bbox 187 1980 602 2055">
     <span class='ocr_line' id='line_1_39' title="bbox 187 1980 493 2021; baseline 0 -9"><span class='ocrx_word' id='word_1_236' title='bbox 187 1980 357 2021; x_wconf 80' lang='lat' dir='ltr'>following</span> <span class='ocrx_word' id='word_1_237' title='bbox 373 1981 493 2012; x_wconf 83' lang='lat' dir='ltr'>words.</span> 
     </span>
     <span class='ocr_line' id='line_1_40' title="bbox 232 2023 602 2055; baseline -0.003 0"><span class='ocrx_word' id='word_1_238' title='bbox 232 2029 242 2041; x_wconf 73' lang='lat'><em>²</em></span> <span class='ocrx_word' id='word_1_239' title='bbox 265 2024 387 2055; x_wconf 78' lang='lat' dir='ltr'>Mount</span> <span class='ocrx_word' id='word_1_240' title='bbox 404 2023 602 2055; x_wconf 74' lang='lat' dir='ltr'>Kakulima.</span> 
     </span>
    </p>
   </div>
   <div class='ocr_carea' id='block_1_10' title="bbox 182 2077 254 2121">
    <p class='ocr_par' dir='ltr' id='par_1_12' title="bbox 182 2077 254 2121">
     <span class='ocr_line' id='line_1_41' title="bbox 182 2077 254 2121; baseline 0 0"><span class='ocrx_word' id='word_1_241' title='bbox 182 2077 254 2121; x_wconf 83' lang='lat'>484</span> 
     </span>
    </p>
   </div>
  </div>
 </body>
</html>
