1515 2351
113 935 156 966 35

111 1451 153 1482 36

383 118 551 156 PLINY
566 132 574 156 :
626 119 890 157 NATURAL
926 119 1165 158 HISTORY

181 223 302 267 Eous,
323 235 346 259 a
366 223 534 260 meridie
554 222 714 259 Indicus
734 228 921 266 vocatum
955 225 1145 273 varieque
1163 235 1236 274 per
1254 225 1363 260 sinus

181 293 224 325 et
265 286 419 324 accolas
455 290 497 324 in
537 286 726 336 conplura
767 289 928 323 nomina
969 286 1170 324 dividitur.
1225 300 1363 325 verum

181 351 303 388 Asiae
338 364 497 402 quoque
533 364 680 402 magna
715 354 845 401 portio
880 354 1064 401 apposita
1097 354 1363 401 septentrioni

181 418 323 452 iniuria
354 415 492 453 sideris
526 418 657 466 rigens
691 421 823 452 vastas
854 415 1089 453 solitudines
1122 415 1258 453 habet.
1312 416 1363 452 ab

182 486 364 517 extremo
385 479 571 530 aquilone
592 480 644 517 ad
663 482 822 516 initium
843 482 1006 517 orientis
1027 483 1167 517 aestivi
1188 479 1363 531 Scythae

180 550 274 581 sunt
288 556 297 588 ;
327 550 442 581 extra
458 558 524 581 eos
541 544 726 594 ultraque
742 543 936 594 aquilonis
951 546 1065 581 initia
1082 544 1364 594 Hyperboreos

180 608 301 659 aliqui
329 621 512 658 posuere,
539 608 716 658 pluribus
743 611 785 645 in
811 608 972 658 Europa
997 608 1136 646 dictos.
1192 611 1363 659 primum

180 674 273 711 inde
318 677 492 710 noscitur
534 676 856 723 promunturium
899 672 1075 711 Celticae
1120 672 1364 724 Lytharmis,

182 737 321 774 fluvius
365 737 636 781 Carambucis,
679 738 745 774 ubi
787 737 935 775 lassata
976 751 1068 774 cum
1109 737 1284 775 siderum
1327 741 1364 775 vi

182 801 423 851 Ripaeorum
456 805 653 839 montium
686 802 877 839 deficiunt
910 804 1018 852 iuga,
1050 802 1185 852 ibique
1235 803 1366 840 Arim-

181 865 331 916 phaeos
354 866 548 917 quosdam
571 869 810 916 accepimus,
833 865 931 903 haut
953 866 1184 904 dissimilem
1208 866 1365 918 Hyper-

180 931 311 968 boreis
335 937 514 981 gentem.
569 931 684 968 sedes
707 930 783 968 illis
809 944 986 975 nemora,
1010 931 1202 968 alimenta
1225 931 1365 976 bacae,

180 994 346 1045 capillus
366 998 480 1033 iuxta
500 995 657 1033 feminis
680 998 852 1046 xirisque
871 998 913 1032 in
931 995 1076 1046 probro
1097 998 1365 1042 existimatur,

180 1063 279 1096 ritus
299 1059 532 1098 clementes.
587 1063 727 1110 itaque
746 1074 876 1097 sacros
898 1059 1036 1097 haberi
1058 1066 1221 1098 narrant
1242 1063 1364 1098 invio—

178 1123 362 1175 latosque
382 1138 469 1162 esse
487 1127 611 1162 etiam
629 1124 722 1161 feris
740 1125 963 1162 accolarum
982 1124 1151 1174 populis,
1168 1137 1242 1162 nec
1260 1127 1364 1175 ipsos

180 1188 298 1226 modo
318 1189 388 1226 sed
406 1188 494 1226 illos
515 1202 674 1240 quoque
695 1192 763 1239 qui
783 1189 834 1226 ad
855 1202 921 1226 eos
941 1189 1204 1239 profugerint.
1259 1189 1364 1226 ultra

181 1266 247 1290 eos
291 1253 409 1303 plane
451 1256 532 1290 iam
576 1253 765 1304 Scythae,
808 1253 1026 1297 Cimmerii,
1069 1253 1182 1297 Cissi,
1224 1253 1364 1298 Anthi,

180 1317 329 1368 Georgi
353 1324 394 1355 et
418 1319 670 1355 Amazonum
692 1331 806 1369 gens,
828 1317 928 1355 haec
952 1331 1078 1368 usque
1101 1318 1153 1355 ad
1175 1317 1363 1368 Caspium

180 1388 221 1419 et
242 1382 490 1433 Hyrcanium
511 1396 633 1420 mare.

230 1446 315 1483 XV.
347 1446 450 1484 Nam
470 1453 511 1484 et
531 1450 724 1496 inrumpit
745 1460 767 1484 e
787 1446 975 1498 Scythico
994 1460 1146 1484 oceano
1164 1450 1206 1484 in
1225 1460 1363 1484 aversa

179 1512 314 1556 Asiae,
353 1511 531 1561 pluribus
573 1512 797 1548 nominibus
837 1511 1061 1548 accolarum
1102 1511 1364 1561 appellatum,

178 1575 482 1613 celeberrimum
497 1574 511 1599 1
531 1576 685 1613 duobus
705 1575 894 1626 Caspium
913 1581 955 1613 et
974 1575 1235 1626 Hyrcanium.
1285 1588 1363 1612 non

178 1642 307 1677 minus
336 1639 409 1677 hoc
439 1654 526 1678 esse
555 1654 676 1691 quarn
706 1639 879 1677 Pontum
908 1639 1110 1677 Euxinum
1140 1639 1363 1677 Clitarchus

178 1710 311 1753 putat,
342 1704 632 1742 Eratosthenes
663 1707 776 1754 ponit
806 1710 848 1742 et
879 1718 1107 1741 mensuram
1138 1704 1189 1741 ab
1220 1710 1364 1742 exortu

351 1824 360 1843 ¹
385 1823 554 1855 Rackham
570 1836 577 1855 :
603 1824 828 1855 celeberrimis
843 1828 901 1854 aut
918 1823 1138 1855 Celtiberium
1153 1827 1200 1855 ot.

605 1981 616 1994 ⁰
641 1976 699 2006 Le.
725 1974 939 2006 North-east.

177 2045 246 2092 362
