1515 2351
133 656 174 687 33

136 1093 178 1123 34

135 1749 176 1780 35

404 109 595 148 PLINY:
648 109 913 148 NATURAL
951 109 1188 147 HISTORY

202 213 405 251 Creticum
434 226 543 251 mare
573 215 763 258 excurrit,
791 212 944 250 distans
972 215 1063 249 OEY„
1089 226 1128 262 p.
1159 226 1182 249 a
1209 212 1390 250 Taenaro

204 286 424 323 Laconicae
460 288 752 336 promunturio,
788 299 812 321 a
848 284 970 321 Creta
1005 297 1098 321 vero
1134 288 1220 336 ipsa
1255 298 1388 322 ccxxv.

203 365 293 410 post
325 359 365 396 id
398 358 570 409 Cyrene,
603 372 625 395 a
657 360 756 395 mari
788 371 827 394 xl
860 370 1063 408 passuum,
1096 359 1146 395 ab
1180 356 1390 408 Phycunte

203 431 456 481 Apolloniam
493 433 600 476 ᾖ,
638 431 689 468 ad
727 430 1019 467 Cherronesum
1057 443 1245 475 mxxvm,
1284 430 1390 467 unde

203 503 519 541 Catabathmum
532 517 657 541 ccxv1.
713 503 897 540 accolunt
913 502 1198 547 Marmaridae,
1212 515 1235 539 a
1249 501 1391 540 Parae-

202 579 285 614 toni
308 577 434 614 ferme
464 579 628 627 regione
659 577 710 613 ad
738 575 888 627 Syrtim
918 575 1119 613 Maiorem
1148 588 1274 626 usque
1303 589 1392 626 por--

202 652 325 694 recti;
351 656 443 700 post
463 663 530 687 eos
551 649 791 687 Acrauceles
811 662 857 685 ac
877 651 956 686 iam
976 651 1017 685 in
1036 661 1105 685 ora
1125 647 1252 698 Syrtis
1269 649 1392 686 Nasa-

202 736 355 767 mones,
388 736 486 773 quos
519 729 641 759 antea
676 722 976 759 Mesammones
1010 722 1105 758 Grai
1138 721 1391 772 appellavere

205 797 255 833 ab
301 802 540 846 argumento
586 795 674 840 loci,
720 795 873 832 medios
918 797 1024 832 inter
1068 793 1237 832 harenas
1281 797 1390 832 sitos.

205 868 447 919 Cyrenaicus
467 882 564 919 ager
583 871 630 905 fv
650 882 689 919 p.
711 867 926 905 latitudine
946 880 968 903 a
988 867 1104 904 litore
1125 873 1166 904 et
1187 868 1392 905 arboribus

204 941 346 978 fertilis
365 940 553 985 habetur,
574 943 681 977 intus
702 941 846 978 eodem
866 942 996 991 spatio
1017 939 1197 990 frugibus
1217 945 1392 985 tantum,

204 1028 296 1050 mox
325 1015 398 1050 {X}
427 1013 642 1051 latitudine
671 1019 713 1051 et
742 1015 810 1050 δᾶ,
835 1013 1087 1063 longitudine
1117 1012 1232 1049 lasari
1260 1012 1392 1051 modo.

256 1086 351 1124 Post
373 1087 619 1124 Nasamonas
650 1087 831 1137 Asbytae
857 1092 899 1123 et
926 1085 1069 1123 Macae
1099 1088 1257 1129 vivont3
1288 1085 1393 1123 ultra

205 1173 272 1198 eos
291 1160 489 1197 Amantes
508 1172 564 1196 ΧΠ
583 1159 741 1196 dierum
759 1162 902 1196 itinere
917 1172 940 1195 a
954 1158 1138 1209 Syrtibus
1156 1158 1392 1204 Maioribus,

205 1233 256 1270 ad
293 1233 545 1270 occidentem
584 1239 627 1270 et
664 1235 736 1283 ipsi
776 1246 911 1269 versus
949 1231 1107 1269 harenis
1144 1231 1393 1277 circumdati,

204 1312 348 1357 puteos
375 1312 513 1343 tamen
539 1305 639 1343 haut
665 1305 822 1343 difficile
848 1306 987 1342 binum
1015 1305 1140 1342 ferme
1167 1305 1392 1342 cubitorum

204 1379 419 1417 altitudine
443 1382 653 1417 inveniunt
679 1380 732 1416 ibi
759 1378 1086 1429 restagnantibus
1110 1377 1392 1415 Mauretaniae

205 1455 329 1503 aquis.
385 1452 526 1489 domus
553 1452 635 1489 sale
663 1453 866 1489 montibus
893 1454 972 1488 suis
999 1453 1132 1489 exciso
1158 1464 1234 1489 ceu
1259 1450 1392 1502 lapide

203 1531 453 1562 construunt.
510 1526 560 1562 ab
591 1524 650 1561 his
681 1525 732 1562 ad
762 1524 1014 1575 Trogodytas
1045 1523 1200 1561 hiberni
1231 1537 1392 1562 occasus

204 1597 323 1648 plaga
347 1598 504 1635 dierum
528 1603 687 1649 septem
711 1600 803 1643 iter,
827 1611 917 1634 cum
943 1597 1086 1647 quibus
1110 1599 1392 1634 commercium

203 1684 390 1722 gemmae
430 1676 591 1708 tantum
631 1684 752 1721 quam
791 1669 1078 1707 carbunculum
1116 1683 1302 1706 vocamus
1342 1683 1392 1706 ex

203 1743 420 1795 Aethiopia
434 1746 630 1780 invectae.
686 1745 905 1781 intervenit
918 1742 969 1780 ad
982 1742 1217 1780 solitudines
1231 1741 1392 1780 Africae

204 1830 324 1867 supra
358 1816 561 1853 Minorem
591 1815 740 1867 Syrtim
770 1816 898 1854 dictas
932 1828 1046 1852 versa
1078 1813 1292 1860 Phazania,
1325 1815 1391 1853 ubi

355 1979 370 1994 ⁸
392 1974 464 2006 The
482 1975 636 2006 distance
654 1974 682 2005 is
699 1974 773 2005 said
791 1977 828 2006 to
847 1973 888 2006 be
905 1972 1011 2015 really
1029 1974 1093 2005 264
1111 1973 1218 2007 miles.

207 2049 275 2083 242
