1515 2351
386 98 552 137 PLINY
567 114 576 137 ε
626 99 891 137 NATURAL
926 98 1164 137 HISTORY

184 209 348 240 cunctas
373 206 664 253 provinciarum
690 203 815 239 divite
841 203 949 239 cultu
977 208 1019 239 et
1044 202 1218 252 quodam
1243 202 1366 240 fertili

185 280 230 303 ac
256 267 445 316 peculiari
472 269 602 303 nitore
629 267 849 317 praecedit.
905 266 1059 303 iuridici
1083 272 1303 303 conventus
1330 269 1366 303 ei

187 342 239 375 lv,
269 330 494 367 Gaditanus
524 330 792 367 Cordubensis
822 330 1076 380 Astigitanus
1106 329 1365 380 Hispalensis.

185 393 332 444 oppida
351 397 484 430 omnia
504 408 670 431 numero
691 406 822 439 cmxv,
843 396 883 430 in
902 396 948 430 iis
968 393 1147 431 coloniae
1169 406 1220 438 ix,
1241 396 1368 430 muni-

185 460 287 508 cipia
305 471 338 494 c.
359 457 405 494 R.
425 470 462 502 x,
482 458 601 495 Latio
620 460 844 508 antiquitus
863 457 1015 495 donata
1034 470 1154 502 xxvu,
1172 457 1365 495 libertate

185 534 237 566 vi,
283 521 447 559 foedere
495 534 555 566 ιιι,
600 522 862 572 stipendiaria
907 533 989 558 cxx.
1045 534 1095 559 ex
1141 521 1201 559 his
1246 521 1368 572 digna

184 591 409 622 memoratu
455 592 526 623 aut
574 585 720 623 Latino
766 598 951 623 sermone
997 585 1110 622 dictu
1156 585 1299 630 facilia,
1345 599 1368 622 a

184 649 347 686 flumine
393 650 497 694 Ana,
542 650 660 687 litore
707 652 860 694 oceani,
907 649 1099 700 oppidum
1145 649 1368 694 Ossonoba,

185 714 399 751 Aestuaria
415 716 758 765 cognominatum,
776 716 882 750 inter
898 713 1149 751 confluentes
1163 713 1178 737 ¹
1198 713 1367 750 Luxiam

184 783 227 815 et
273 778 430 823 Urium,
477 778 629 815 Hareni
674 784 848 823 montes,
892 777 1030 815 Baetis
1075 777 1230 822 fluvius,
1274 777 1368 815 litus

184 842 360 879 Curense
389 842 537 880 inflexo
565 846 668 887 sinu,
696 845 807 879 cuius
836 855 886 880 ex
915 842 1082 879 adverso
1111 841 1236 879 Gadis
1263 845 1370 879 inter

184 906 329 943 insulas
382 906 591 951 dicendae,
638 909 960 957 promunturium
1010 906 1183 950 Iunonis,
1231 912 1368 956 portus

187 970 398 1021 Vacsippo,
446 970 638 1022 oppidum
690 970 826 1015 Baelo,
876 969 1074 1015 Mellaria,
1121 969 1269 1007 fretum
1318 983 1367 1007 ex

184 1034 391 1072 Atlantico
425 1038 538 1080 mari,
573 1035 735 1072 Carteia
768 1035 956 1072 Tartesos
990 1047 1015 1071 a
1048 1034 1213 1072 Graecis
1246 1034 1368 1079 dicta,

136 1104 155 1134 8
182 1112 295 1136 mons
316 1098 452 1150 Calpe.
507 1099 601 1136 dein
622 1099 738 1136 litore
758 1102 918 1136 interno
937 1098 1128 1150 oppidum
1152 1098 1370 1136 Barbesula

186 1176 277 1200 cum
312 1162 445 1208 fluvio,
479 1167 578 1201 item
615 1163 804 1208 Salduba,
839 1163 1031 1214 oppidum
1066 1162 1173 1207 Suel,
1211 1162 1370 1200 Malaca

184 1241 274 1264 cum
288 1226 420 1272 fluvio,
433 1227 746 1265 foederatorum.
801 1227 895 1265 dein
914 1227 1120 1264 Maenuba
1132 1240 1222 1264 cum
1236 1226 1369 1272 fluvio,

184 1290 277 1328 Sexi
295 1294 534 1343 cognomine
556 1292 733 1329 Firmum
755 1291 913 1336 Iulium,
933 1291 1011 1336 Sel,
1032 1291 1209 1335 Abdara,
1233 1290 1367 1342 Murgi

184 1355 374 1393 Baeticae
417 1356 516 1393 finis.
572 1370 682 1394 oram
725 1370 814 1393 eam
855 1358 895 1393 in
938 1358 1166 1393 universum
1207 1358 1369 1406 originis

185 1418 410 1458 Poenorum
435 1423 683 1458 existimavit
710 1420 768 1457 M.
796 1421 1000 1471 Agrippa3
1039 1420 1091 1457 ab
1115 1419 1206 1456 Ana
1231 1426 1370 1457 autem

184 1484 392 1522 Atlantico
406 1498 558 1522 oceano
572 1485 739 1522 obversa
754 1484 1007 1522 bastulorum
1021 1483 1369 1534 Turdulorumque

185 1554 257 1585 est.
313 1551 352 1585 in
381 1551 605 1586 universam
635 1549 870 1599 Hispaniam
901 1548 958 1584 M.
989 1548 1113 1584 Varro
1139 1550 1369 1598 pervenisse

185 1612 356 1649 Hiberos
378 1619 419 1650 et
443 1611 582 1650 Persas
605 1619 647 1650 et
670 1611 890 1650 Phoenicas
911 1612 1127 1662 Celtasque
1150 1617 1192 1648 et
1214 1610 1368 1649 Poenos

184 1676 331 1720 tradit;
367 1676 496 1713 lusum
519 1679 625 1714 enim
648 1676 783 1714 Liberi
804 1679 928 1727 patris
950 1682 1020 1713 aut
1041 1675 1188 1726 lyssam
1208 1688 1300 1712 cum
1320 1689 1369 1713 eo

515 1771 529 1790 ²
550 1770 746 1811 Dedcfeen.:
773 1771 862 1801 inter
877 1769 1030 1802 fluentes.

350 1938 366 1954 ⁸
387 1930 559 1972 Probably
576 1930 634 1962 the
649 1930 762 1962 Tinto.
970 1927 983 1948 ⁶
1006 1929 1066 1962 IV.
1085 1930 1158 1962 119.

606 1977 618 1993 ⁸
637 1973 729 2014 Cape
742 1971 928 2014 Trafalgar.
