1515 2351
86 659 140 690 141

85 1214 146 1245 142

370 117 538 156 PLINY
552 131 561 156 :
614 118 880 156 NATURAL
917 118 1155 156 HISTORY

172 236 283 267 num,
317 223 584 273 Ordymnum,
619 223 851 267 Macistum,
883 222 1092 267 Creonem,
1123 221 1353 272 Olympum.

170 298 194 321 a
206 287 387 334 proxima
400 287 633 321 continente
647 284 761 321 abest
775 287 831 321 v—i‘t
848 297 873 321 D
885 297 923 334 p.
978 284 1132 321 insulae
1147 284 1353 334 adpositae

170 345 416 389 Sandalium,
454 345 612 383 Leucae
647 358 686 390 v,
723 359 772 383 ex
808 348 853 383 iis
889 345 1080 396 Cydonea
1116 359 1206 382 cum
1241 344 1358 382 fonte

169 407 320 451 calido;
365 407 608 458 Arginussae
649 407 699 444 ab
740 408 854 458 Aege
893 408 935 444 ἵζ’
977 420 1015 457 p.
1057 407 1222 450 distant,
1262 406 1354 444 dein

171 468 371 512 Phellusa,
388 468 539 506 Pedna.
594 474 711 506 extra
727 468 1036 519 Hellespontum
1054 468 1220 505 adversa
1237 467 1354 518 Sigeo

170 531 273 567 litori
293 534 399 568 iacet
418 530 618 575 Tenedus,
636 530 891 580 Leucophrys
911 531 1020 567 dicta
1040 536 1082 568 et
1099 529 1296 566 Phoenice
1313 535 1355 566 et

172 592 391 642 Lyrnesos3
423 593 538 629 abest
556 606 579 628 a
599 592 728 629 Lesbo
748 594 826 635 ffi,
845 606 867 628 a
885 592 1003 641 Sigeo
1023 591 1079 628 x—i‘i
1099 605 1136 629 D.

223 654 307 691 XL.
339 654 540 704 Impetum
591 654 737 691 deinde
790 656 911 690 sumit
963 653 1262 703 Hellespontus,
1314 659 1356 690 et

171 716 298 752 maril
334 716 542 758 incumbit,
576 716 789 753 vorticibus
830 715 998 752 limitem
1038 714 1190 752 fodiens
1229 715 1355 752 donec

171 778 307 814 Asiam
330 778 544 827 abrumpat
565 777 763 827 Europae.
817 779 1138 827 promunturium
1159 777 1200 813 id
1220 776 1356 826 appel-

169 839 336 876 lavimus
364 839 600 888 Trapezam.
655 839 705 875 ab
735 851 782 876 eo
810 839 834 874 ,i
862 852 900 889 p.
933 838 1121 889 Abydum
1151 838 1355 888 oppidum,

170 901 237 938 ubi
265 903 476 951 angustiae
502 913 558 937 vn
586 900 830 943 stadiorum;
873 900 1019 937 deinde
1047 899 1214 937 Percote
1245 902 1355 950 oppi-

169 963 263 1000 dum
292 969 334 1000 et
362 962 630 1012 Lampsacum
659 968 781 999 antea
807 961 974 1012 Pityusa
1001 961 1168 1005 dictum,
1195 961 1354 998 Parium

167 1024 321 1061 colonia
349 1038 470 1074 quam
499 1024 697 1061 Homerus
725 1023 957 1060 Adrastiam
985 1023 1218 1073 appellavit,
1245 1025 1355 1073 oppi-

169 1086 265 1123 dum
296 1086 472 1136 Priapos,
503 1088 629 1122 amnis
661 1087 857 1135 Aesepus,
888 1085 1010 1129 Zelia,
1042 1085 1250 1135 Propontis
1281 1085 1355 1135 (ita

169 1147 395 1198 appellatur
424 1147 491 1184 ubi
521 1161 563 1184 se
593 1147 739 1184 dilatat
774 1149 914 1197 mare),
946 1146 1095 1184 flumen
1124 1146 1355 1191 Granicum,

171 1210 320 1246 Artace
343 1215 480 1259 portus
505 1209 571 1246 ubi
595 1209 785 1259 oppidum
810 1208 897 1246 fuit.
953 1208 1059 1245 ultra
1083 1207 1211 1245 insula
1233 1221 1354 1258 quam

167 1274 389 1308 continenti
416 1274 546 1308 iunxit
572 1271 818 1315 Alexander,
845 1273 885 1307 in
912 1284 992 1320 qua
1018 1270 1209 1320 oppidum
1238 1269 1355 1307 Mile-

167 1336 313 1370 siorum
359 1332 547 1383 Cyzicum
591 1339 687 1370 ante
731 1335 951 1370 vocitatum
996 1333 1266 1370 Arctonnesos
1312 1337 1353 1369 et

169 1395 346 1432 Dolionis
370 1401 411 1432 et
435 1395 633 1445 Didymis,
653 1398 763 1432 cuius
787 1408 810 1430 a
831 1397 981 1432 vertice
1003 1407 1116 1431 mons
1141 1393 1351 1444 Didymus.

166 1470 259 1493 mox
281 1457 427 1507 oppida
450 1456 599 1500 Placia,
621 1457 780 1501 Ariace,
801 1455 982 1507 Scylace,
1004 1469 1172 1506 quorum
1194 1469 1217 1492 a
1239 1462 1354 1506 tergo

167 1533 279 1556 mons
319 1518 514 1569 Olympus
558 1518 710 1569 Mysius
749 1518 894 1562 dictus,
933 1521 1071 1565 civitas
1111 1517 1353 1568 Olympena.

167 1594 304 1618 amnes
333 1581 510 1617 Horisius
540 1587 581 1618 et
611 1580 853 1631 Rhyndacus·
882 1586 976 1617 ante
1007 1579 1137 1630 Lycus
1167 1585 1353 1623 vocatus;

167 1646 290 1679 oritur
318 1645 358 1679 in
385 1649 530 1693 stagno
560 1643 730 1693 Artynia
759 1645 872 1679 iuxta
904 1641 1186 1691 Miletopolim,
1214 1643 1352 1691 recipit

171 1704 379 1741 Maceston
417 1710 458 1741 et
495 1705 706 1754 plerosque
739 1704 850 1747 alios,
877 1706 1014 1740 Asiam
1042 1702 1353 1753 Bithyniamque

594 1785 606 1804 ¹
635 1784 788 1816 Urlichs:
814 1795 916 1816 mare.

206 1900 219 1913 ‘¹
243 1894 316 1926 Ono
332 1893 371 1924 of
383 1894 442 1925 tho
460 1894 602 1930 Leucae,
622 1899 630 1910 ‘
643 1893 758 1925 white
776 1892 911 1924 lalanda
923 1893 951 1930 ’;
976 1892 1099 1924 should
1125 1892 1169 1924 its
1187 1902 1287 1923 namo
1312 1892 1353 1923 be

165 1937 279 1977 Aegle,
298 1942 305 1954 ⁴
320 1936 496 1968 Radianco
507 1938 539 1969 ’ἲ

208 1983 219 2000 ⁰
242 1980 286 2012 Il.
304 1979 352 2011 H.
370 1981 444 2012 828.

169 2043 240 2089 326
