1515 2351
445 122 636 160 PLINY:
688 123 953 161 NATURAL
991 122 1231 161 HISTORY

157 232 218 264 132
292 227 479 265 XXXVI.
529 227 609 265 Sed
656 226 923 277 pulcherrima
970 233 1033 266 est
1081 228 1206 265 libera
1253 227 1428 266 Rhodos.

239 300 406 335 circuitu
440 287 536 334 εἶά
568 303 653 340 aut,
684 299 716 334 si
748 300 881 347 potius
915 298 1066 335 Isidoro
1097 297 1311 342 credimus,
1342 300 1430 335 ἴῃ.

241 367 424 404 habitata
444 367 607 404 urbibus
629 366 771 411 Lindo,
791 366 964 412 Camiro,
985 367 1132 418 Ialyso,
1151 380 1256 404 nunc
1276 366 1431 412 Rhodo,

240 438 365 474 distat
394 437 444 473 ab
473 436 720 474 Alexandria
749 436 928 488 Aegypti
961 436 1152 481 iffiffi,
1181 442 1227 474 ut
1257 437 1430 475 Isidorus

238 507 378 551 tradit,
402 513 446 544 ut
470 506 760 544 Eratosthenes
784 508 1014 549 δεδι-ανῆ,
1037 511 1082 542 ut
1108 505 1320 544 Mucianus
1344 510 1385 551 ii,
1407 519 1431 544 a

240 577 372 628 Cypro
394 579 542 613 ὄῶῖλῖι.
599 579 774 613 vocitata
795 581 856 613 est
877 581 999 612 antea
1019 574 1234 625 Ophiussa,
1255 576 1430 621 Asteria,

240 646 424 690 Aethria,
443 646 476 683 T
478 649 659 691 rinacrie,
679 646 908 696 Corymbia,
930 645 1141 690 Poeeessa,
1161 646 1361 697 Atabyria
1379 646 1430 683 ab

157 722 216 753 133
240 730 349 768 rege,
375 717 467 754 dein
497 716 676 753 Macaria
702 722 744 753 et
770 715 950 753 Oloessa.
1007 714 1251 753 Rhodiorum
1277 716 1430 754 insulae

241 785 467 837 Carpathus
503 800 606 837 quae
641 788 741 823 mari
789 798 936 823 nomen
970 785 1097 830 dedit,
1132 786 1254 824 Casos
1289 785 1430 824 Achne

239 856 348 900 olim,
373 856 535 907 Nisyros
559 856 712 893 distans
735 869 759 893 a
783 855 910 893 Cnido
934 857 982 892 ἦ
1007 868 1046 900 D,
1070 854 1283 906 Porphyris
1307 862 1429 894 antea

239 926 362 970 dicta,
395 932 437 963 et
471 926 614 963 eodem
646 931 782 963 tractu
815 925 948 963 media
981 927 1087 962 inter
1120 924 1306 963 Rhodum
1338 925 1430 964 Cni-

239 996 417 1046 dumque
443 995 577 1046 Syme.
638 998 812 1047 cingitur
839 1008 972 1032 xxxvn
1000 1006 1049 1039 1³3
1088 1001 1227 1045 portus
1253 995 1429 1047 benigne

238 1066 407 1117 praebet
440 1078 525 1103 vm.
581 1072 743 1116 praeter
774 1064 845 1103 has
876 1067 980 1102 circa
1012 1063 1197 1103 Rhodum
1230 1065 1429 1116 Cyclopis,

237 1136 444 1187 Teganon,
474 1136 709 1186 Cordylusa,
751 1135 955 1173 Diabatae
986 1147 1038 1180 ιν,
1069 1134 1238 1186 Hymos,
1279 1134 1429 1173 Chalce

237 1219 327 1243 cum
391 1206 553 1256 oppido,
605 1204 812 1249 Teutlusa,
877 1203 1142 1249 Narthecusa,
1208 1205 1428 1250 Dimastos,

238 1275 409 1326 Progne,
428 1281 470 1313 et
494 1289 517 1312 a
541 1275 668 1313 Cnido
692 1275 910 1318 Cisserusa,
926 1274 1224 1320 Therionarcia,
1245 1274 1429 1326 Calydne

236 1359 327 1383 cum
363 1346 490 1383 tribus
527 1346 682 1396 oppidis
720 1345 855 1389 Notio,
893 1345 1050 1396 Nisyro,
1089 1345 1349 1390 Mendetero,
1385 1351 1428 1383 et

237 1419 277 1452 in
295 1416 526 1453 Arconneso
544 1415 736 1466 oppidum
755 1415 959 1453 Ceramus,
1015 1417 1055 1452 in
1073 1414 1217 1452 Cariae
1235 1428 1305 1453 ora
1322 1427 1428 1466 quae

237 1492 429 1523 vocantur
461 1486 610 1536 Argiae
653 1499 820 1523 numero
863 1498 925 1530 mr,
958 1491 1000 1523 et·
1032 1484 1233 1536 Hyetusa,
1266 1485 1427 1536 Lepsia,

153 1561 214 1592 134
239 1556 373 1593 Leros.
430 1556 674 1593 nobilissima
698 1561 836 1593 autem
861 1558 901 1592 in
927 1568 974 1593 eo
998 1558 1087 1593 sinu
1112 1554 1214 1593 Coos
1239 1555 1290 1592 ab
1315 1555 1427 1593 Hali-

235 1639 400 1663 carnaso
427 1627 474 1662 {x‘v
501 1625 669 1670 distans,
694 1628 862 1663 circuitu
888 1627 924 1670 ὃ,
950 1631 996 1663 ut
1026 1625 1160 1675 plures
1192 1627 1426 1664 existimant

239 1695 409 1745 Merope
454 1701 611 1739 vocata,
657 1695 739 1733 Cea
785 1701 830 1732 ut
875 1694 1108 1746 Staphylus,
1156 1694 1334 1745 Meropis
1379 1700 1425 1733 ut

238 1765 468 1815 DionysiuS,
502 1765 595 1803 dein
640 1764 892 1816 Nymphaea.
947 1778 1060 1802 mons
1103 1765 1156 1802 ibi
1200 1763 1341 1808 Prion3
1383 1770 1425 1803 et

238 1835 409 1886 Nisyron
433 1835 648 1885 abruptam
672 1835 728 1872 illi
751 1841 913 1885 putant,
937 1848 1042 1885 quae
1066 1834 1279 1886 Porphyris
1303 1840 1425 1873 antea

278 1951 292 1965 ⁰
316 1945 412 1977 Built
435 1945 543 1976 about
567 1946 632 1977 408
652 1955 718 1977 3.(3.
737 1945 783 1986 by
800 1945 859 1977 tho
882 1945 979 1977 three
1003 1945 1061 1977 old
1085 1949 1196 1977 towns
1221 1945 1422 1987 conjointly,

236 1992 274 2020 to
290 1999 386 2019 servo
403 1998 440 2019 as
458 1988 516 2020 the
533 1988 661 2030 capital
679 1988 718 2020 of
730 1988 790 2021 the
807 1988 928 2021 island.

234 2057 304 2094 320
