1515 2351
406 137 596 175 PLINY:
649 137 914 176 NATURAL
951 137 1189 176 HISTORY

204 243 491 292 grammaticae
505 243 600 278 artis
614 240 805 291 Daphnin
814 241 929 278 Attio
944 239 1182 278 Pisaurense
1190 240 1392 278 vendente

205 312 248 342 et
277 305 335 342 M.
357 304 503 342 Scauro
523 307 700 355 principe
721 307 894 342 civitatis
916 305 986 342 111.
1014 307 1084 342 ὅδε
1110 304 1270 342 licente.
1325 317 1394 342 ex-

205 383 360 406 cessere
391 368 466 406 hoc
498 371 538 405 in
570 375 706 406 nostro
738 382 850 413 aevo,
882 382 956 406 nec
987 368 1160 414 modice,
1192 367 1394 406 histrionis

204 432 368 471 reditul
397 433 629 471 libertatem
659 446 772 470 suam
802 435 983 478 mercati,
1013 435 1163 484 quippe
1193 446 1284 470 eum
1314 435 1393 470 iam

206 498 313 548 apud
339 500 508 534 maiores
536 498 700 535 Roscius
724 496 863 535 histrio
886 497 955 534 ΙΙΙ.
979 500 1005 535 13
1027 510 1160 534 annua
1186 499 1394 535 meritasse

125 568 184 598 129
208 562 414 612 prodatur,
436 564 509 598 nisi
530 564 562 598 si
583 564 670 612 quis
691 564 731 598 in
752 561 826 599 hoc
846 562 931 599 loeo
951 561 1145 599 disiderat
1165 562 1393 599 Armeniaci

205 626 298 663 belli
330 626 449 676 paulo
483 632 578 663 ante
611 632 776 676 propter
808 626 1016 664 Tiridaten
1049 628 1154 676 gesti
1187 625 1393 677 dispensa-

205 697 349 735 torem,
397 704 517 742 quem
570 690 676 728 Nero
725 690 794 727 111.
846 689 968 743 {cxxxi
1022 692 1267 727 manumisit.
1322 690 1394 728 sed

204 755 279 792 hoc
313 758 488 805 pretium
523 755 630 799 belli,
663 768 741 792 non
777 754 961 799 hominis,
985 754 1076 798 fuit,
1100 760 1184 792 tam
1221 754 1395 792 Hercule

207 833 327 870 quam
347 820 535 864 libidinis,
556 833 635 856 non
655 819 822 863 formae,
844 818 1087 856 Paezontem
1109 832 1130 856 e
1151 819 1395 869 spadonibus

206 884 338 921 Seiani
389 884 458 921 111.
503 883 554 936 [ἙΙ
610 889 816 921 mercante
857 883 1034 920 Clutorio
1075 882 1220 920 Prisco.
1276 897 1396 934 quam

207 949 371 999 quidem
403 950 587 985 iniuriam
619 947 717 985 lucri
750 947 847 985 fecit
879 947 944 985 ille
978 954 1180 985 mercatus
1214 949 1254 984 in
1286 947 1397 985 luctu

207 1015 394 1057 civitatis,
419 1015 608 1063 quoniam
632 1026 800 1063 arguere
825 1012 921 1049 nulli
945 1012 1126 1049 vacabat.

124 1083 185 1114 130
260 1078 347 1115 XL.
381 1077 574 1114 Gentium
607 1079 647 1114 in
684 1083 771 1114 toto
809 1077 903 1113 orbe
941 1078 1286 1127 praestantissima
1318 1090 1398 1115 una

207 1145 385 1180 omnium
401 1145 550 1179 virtute
567 1141 675 1179 haud
691 1141 812 1179 dubie
829 1141 1010 1178 Romana
1026 1143 1177 1179 extitit.
1227 1141 1398 1179 felicitas

206 1210 269 1244 cui
282 1209 496 1258 praecipua
505 1206 626 1244 fuerit
639 1206 788 1244 homini
801 1219 880 1243 non
894 1211 956 1243 est
968 1204 1132 1243 humani
1145 1205 1294 1251 iudicii,
1306 1219 1398 1243 cum

207 1274 518 1323 prosperitatem
533 1274 660 1321 ipsam
677 1271 775 1308 alius
792 1270 867 1308 alio
883 1270 1002 1308 modo
1018 1276 1061 1308 et
1076 1277 1220 1320 suopte
1237 1272 1398 1321 ingenio

208 1339 376 1388 quisque
401 1336 659 1374 determinet.
714 1338 745 1373 si
767 1348 905 1373 verum
925 1334 1057 1372 facere
1079 1335 1268 1372 iudicium
1290 1335 1398 1373 volu-

207 1415 295 1439 mus
309 1416 354 1439 ae
371 1401 583 1452 repudiata
605 1403 710 1438 omni
728 1399 913 1437 fortunae
931 1400 1149 1437 ambitione
1167 1399 1398 1445 decernere,

208 1480 326 1504 nemo
359 1466 587 1503 mortalium
621 1471 683 1503 est
717 1463 824 1502 felix.
880 1464 1040 1502 abunde
1075 1467 1209 1515 agitur
1224 1464 1240 1488 ²
1272 1470 1396 1515 atque

209 1531 466 1582 indulgenter
486 1544 509 1567 a
525 1529 687 1567 fortuna
707 1528 934 1567 deciditur³
954 1542 1045 1566 cum
1066 1541 1114 1567 eo
1131 1531 1197 1579 qui
1222 1531 1308 1567 iure
1321 1529 1397 1567 dici

208 1609 287 1633 non
307 1595 446 1632 infelix
467 1600 616 1646 potest.
671 1597 820 1645 quippe
841 1600 887 1631 ut
907 1593 984 1630 alia
1003 1606 1082 1630 non
1102 1596 1196 1638 sint,
1215 1598 1326 1631 certe
1346 1606 1397 1631 ne

208 1660 397 1698 lassescat
413 1659 574 1697 fortuna
594 1665 726 1697 metus
749 1665 824 1703 est,
841 1672 920 1709 quo
942 1657 1066 1696 semel
1088 1663 1252 1708 recepto
1273 1657 1399 1696 solida

126 1730 183 1761 131
211 1724 380 1762 felicitas
393 1737 472 1761 non
495 1729 569 1762 est.
615 1723 711 1774 quid
725 1723 831 1774 quod
844 1736 962 1760 nemo
975 1722 1203 1759 mortalium
1216 1723 1399 1760 omnibus

209 1788 314 1826 horis
336 1788 468 1838 sapit?
494 1790 730 1838 utinamque
754 1786 897 1824 falsum
919 1786 993 1824 hoe
1015 1792 1057 1824 et
1084 1799 1163 1823 non
1191 1791 1235 1823 ut
1264 1799 1286 1823 a
1307 1792 1398 1824 vate

418 1904 430 1925 ¹
454 1906 640 1949 Dedessen:
672 1905 765 1937 reddi
783 1905 856 1946 (sed
873 1905 906 1937 hi
924 1905 1106 1946 Mayhoff).

418 1951 431 1971 ¹
453 1950 559 1982 Edd.:
588 1950 700 1990 igitur.

416 1994 429 2014 ³
452 1992 648 2035 indulgente
664 1992 804 2024 fortuna
820 1991 1012 2024 deciditur?
1029 1991 1166 2024 Brotier.

215 2074 283 2112 592
