1515 2351
165 344 205 374 37

164 931 205 961 38

162 1411 202 1441 39

432 129 622 167 PLINY:
675 128 940 166 NATURAL
978 127 1218 165 HISTORY

233 231 446 270 Carcasum
479 232 691 269 Volcarum
721 232 1004 281 Tectosagum,
1035 230 1216 275 Cessero,
1245 230 1421 281 Carpen-

232 292 388 323 toracte
422 286 707 329 Meminorum,
738 284 1018 328 Caenicenses,
1051 284 1321 321 Cambolectri
1353 287 1419 334 qui

237 339 430 376 Atlantici
470 342 818 389 cognominantur,
859 338 1003 374 Forum
1044 337 1208 381 Voconi,
1247 337 1421 374 Glanum

235 391 352 436 Libii,
376 392 573 429 Lutevani
605 395 671 442 qui
703 398 745 428 et
776 391 1149 434 Foroneronienses,
1176 390 1421 428 Nemausum

234 446 571 489 Arecomicorum,
599 445 794 488 Piscinae,
821 445 984 488 Ruteni,
1011 443 1321 495 Samnagenses,
1345 444 1419 482 To-

233 499 356 536 losani
370 499 638 549 Tectosagum
654 499 899 548 Aquitaniae
913 500 1166 542 contermini,
1177 497 1421 548 Tasgoduni,

232 552 579 596 Tarusconienses,
626 552 873 595 Umbranici,
917 551 1201 588 Vocontiorum
1248 554 1420 589 civitatis

235 605 467 642 foederatae
510 606 589 642 duo
632 609 767 654 capita
809 605 928 642 Vasio
972 611 1013 642 et
1058 605 1189 642 Lucus
1231 605 1421 655 Augusti,

233 658 379 708 oppida
408 672 500 696 vero
529 659 719 707 ignobilia
747 671 815 695 xix
843 661 946 695 sicut
968 670 1059 694 xxw
1082 658 1421 696 Nemausensibus

233 712 452 749 adtributa.
495 712 641 749 adiecit
683 712 879 749 formulae
928 711 1058 748 Galba
1106 715 1324 761 imperator
1371 725 1419 749 ex

234 765 425 815 Inalpinis
480 766 697 802 Avanticos
751 772 875 815 atquc
931 765 1199 810 Bodionticos,
1252 778 1418 817 quorum

232 819 423 868 oppidum
463 819 596 855 Dinia.
650 818 944 869 longitudinem
993 821 1220 868 provinciae
1269 818 1420 856 Narbo-

233 875 364 910 nensis
379 878 521 910 m
541 886 579 921 p.
598 873 778 922 Agrippa
797 872 938 916 tradit,
957 872 1214 909 latitudinem
1235 877 1418 911 ccx—Lvffi.

287 925 333 962 V.
364 926 483 962 Italia
530 925 674 963 dehinc
722 929 919 975 primique
967 928 1051 963 eius
1100 925 1282 976 Ligures,
1327 939 1419 963 mox

232 978 406 1023 Etruria,
425 979 608 1023 Umbria,
627 979 804 1023 Latium,
821 979 888 1016 ubi
905 979 1095 1016 Tiberina
1111 982 1214 1017 ostia
1231 985 1274 1017 et
1292 979 1419 1017 Roma

231 1038 428 1069 terrarum
455 1039 592 1083 caput,
619 1039 685 1071 x'ffi
713 1046 750 1082 p.
781 1032 992 1070 intervallo
1018 1045 1042 1069 a
1068 1035 1180 1070 mari.
1234 1032 1418 1071 Volscum

231 1092 372 1134 postea
415 1086 508 1123 litus
553 1092 595 1123 et
638 1086 899 1136 Campaniae,
943 1085 1196 1123 Picentinum
1238 1086 1332 1124 inde
1374 1100 1420 1124 ac

233 1138 438 1176 Lucanum
465 1140 764 1190 Bruttiumque,
788 1153 867 1190 quo
891 1140 1120 1190 longissime
1144 1143 1185 1176 in
1208 1140 1416 1177 meridiem

231 1193 281 1228 ab
318 1193 480 1243 Alpium
518 1206 647 1243 paene
684 1193 832 1231 lunatis
869 1196 971 1243 iugis
1007 1197 1047 1230 in
1082 1196 1209 1230 maria
1245 1197 1419 1232 excurrit

232 1246 364 1283 Italia.
414 1247 465 1283 ab
496 1259 544 1284 eo
575 1246 771 1284 Graeciae
800 1260 883 1291 ora,
906 1260 999 1284 mox
1030 1246 1256 1290 Sallentini,
1280 1247 1420 1285 Paedi-

229 1299 337 1343 culi,l
366 1300 502 1349 Apuli,
531 1299 725 1349 Paeligni,
754 1300 960 1344 Frentani,
990 1300 1223 1345 Marrucini,
1251 1301 1419 1346 Vestini,

229 1352 380 1396 Sabini,
404 1353 603 1397 Picentes,
626 1354 747 1397 Galli,
770 1353 927 1397 Umbri,
948 1354 1080 1398 Tusci,
1102 1354 1263 1392 Veneti.
1285 1354 1419 1399 Carni,

234 1406 421 1456 Iapudes,
465 1407 607 1450 Histri,
652 1407 829 1444 Liburni.
885 1420 958 1445 nec
1001 1410 1140 1457 ignoro
1183 1410 1331 1458 ingrati
1373 1421 1419 1446 ac

229 1463 362 1510 segnis
387 1463 506 1496 animi
533 1464 751 1497 existimari
777 1474 893 1511 posse
917 1464 1062 1498 merito
1084 1464 1115 1499 si
1140 1461 1272 1499 obiter
1294 1467 1419 1512 atque

230 1515 270 1549 in
291 1519 521 1550 transcursu
544 1514 595 1550 ad
617 1513 722 1551 hunc
744 1514 908 1551 modum
931 1514 1089 1552 dicatur
1109 1520 1219 1552 terra
1241 1518 1417 1552 omnium

229 1572 426 1603 terrarum
461 1567 622 1604 alumna
657 1568 799 1604 eadem
835 1574 876 1605 et
909 1581 1068 1618 parens,
1101 1571 1264 1606 numine
1297 1568 1417 1606 deum

230 1619 360 1657 electa
397 1633 501 1670 quac
537 1621 694 1658 caelum
732 1625 860 1671 ipsum
897 1622 1042 1659 clarius
1078 1621 1246 1667 faceret,
1281 1635 1418 1672 sparsa

440 1723 452 1742 ¹
476 1722 643 1754 Rackham
658 1722 716 1763 (ef.
735 1724 810 1763 102)
826 1735 833 1755 :
863 1723 1026 1761 pediculi,
1042 1723 1226 1756 Poediculi.

625 1870 639 1884 ⁰
663 1866 746 1897 Now
762 1865 941 1898 Toulouse.

626 1908 638 1927 ⁶
663 1909 744 1939 Now
761 1909 941 1940 Taras-con.

630 1955 642 1970 ⁰
665 1952 814 1992 Perhaps
831 1953 967 1983 Vabroe.

630 1993 643 2012 '¹
665 1996 726 2027 See
744 1996 758 2035 ξ
779 1996 840 2026 102
858 2005 890 2026 n.

232 2076 279 2111 30
