1515 2351
118 562 160 591 58

385 130 552 169 PLINY
567 145 575 169 :
628 131 893 169 NATURAL
929 130 1168 170 HISTORY

185 241 260 277 est.
288 234 430 271 eadem
457 241 594 271 autem
621 248 643 271 a
672 233 836 272 Piraeeo
855 234 1163 272 Atheniensium
1181 240 1301 285 portu
1321 240 1370 273 ῖᾱ

186 290 314 332 abest,
338 295 432 325 ante
458 287 626 325 Oenone
656 290 842 325 vocitata.
897 287 1062 338 Spiraeo
1090 291 1368 338 promunturio

185 342 371 379 obiacent
398 341 556 386 Eleusa,
582 341 807 385 Adendros,
833 340 1029 391 Craugiae
1055 341 1173 386 duae,
1198 341 1368 378 Caeciae

185 395 302 439 duae,
335 394 539 438 Selacosa3
577 401 619 432 et
657 408 680 431 a
709 393 951 431 Cenchreis1
988 395 1106 444 Aspis
1143 401 1201 432 iffi
1240 400 1282 432 et
1329 397 1368 432 in

187 448 393 497 Megarico
425 450 512 484 sinu
547 447 800 485 Methurides
835 454 887 491 ff,
920 447 1063 498 Aegila
1095 454 1233 485 autem
1266 453 1314 486 ᾗ·
1346 461 1369 484 a

185 501 375 552 Cythera,
395 501 619 551 eademque
641 514 664 538 a
683 501 830 538 Cretae
852 499 1092 538 Phalasarna
1111 501 1260 552 oppido
1281 506 1366 539 xTv.

241 555 331 605 Ipsa
369 553 489 591 Creta
526 554 652 591 altero
689 554 815 591 latere
852 554 904 592 ad
941 560 1120 592 austrum
1157 554 1284 592 altero
1320 554 1370 593 ad

185 610 505 658 septentrionem
531 621 643 644 versa
668 610 774 645 inter
798 614 930 645 ortum
957 621 1221 658 occasumque
1247 610 1370 658 porri-

185 664 307 711 gitur,
331 667 495 698 centum
522 662 677 698 urbium
700 661 805 697 clara
832 660 949 698 fama.
1006 661 1202 698 Dosiades
1229 673 1319 698 eam
1346 674 1370 698 a

187 714 307 752 Crete
352 714 542 764 nympha,
589 714 822 764 Hesperidis
867 714 958 758 filia,
1003 714 1305 752 Anaximander
1348 727 1371 750 a

187 781 282 818 rege
317 767 524 812 Curetum,
559 766 787 805 Philistides
824 767 1011 804 Mallotes
1045 774 1088 805 et
1121 767 1261 805 Crates
1293 770 1372 819 pri—

185 835 295 858 mum
333 822 495 858 Aeriam
532 820 696 865 dictam,
733 821 881 858 deinde
919 827 1061 871 postea
1098 820 1291 865 Curetim,
1329 826 1371 858 et

188 874 379 911 Macaron
430 874 607 911 nonnulli
657 888 681 911 a
730 876 928 924 temperie
978 874 1077 911 caeli
1128 874 1370 925 appellatam

186 931 477 965 existimavere.
533 927 747 965 latitudine
792 941 988 978 nusquam
1027 934 1050 965 ἰ
1082 928 1283 965 excedens
1329 935 1371 965 et

185 985 289 1019 circa
309 981 482 1018 mediam
503 984 561 1018 sui
582 987 739 1032 partem
759 983 933 1018 maxime
953 987 1096 1032 patens
1122 980 1371 1032 longitudine

186 1034 326 1085 implet
366 1041 497 1078 πμ,
535 1037 702 1071 circuitu
743 1048 927 1078 mxxxix,
966 1033 1213 1085 flectensque
1251 1047 1294 1072 se
1333 1037 1371 1071 in

186 1088 389 1125 Creticum
404 1088 569 1138 pelagus
585 1088 636 1125 ab
657 1101 704 1124 ea
723 1088 877 1125 dictum
898 1101 976 1138 qua
995 1087 1225 1138 longissima
1242 1093 1303 1125 est
1320 1087 1369 1124 ad

186 1144 382 1178 orientem
403 1144 722 1192 promunturium
739 1141 969 1178 Samonium
990 1141 1199 1178 adversum
1218 1140 1371 1184 Rhodo,

186 1195 237 1232 ad
255 1195 506 1232 occidentem
527 1194 814 1244 Criumetopon
835 1194 1011 1245 Cyrenas
1032 1207 1167 1232 versus
1190 1194 1368 1245 expellit.

239 1248 399 1299 Oppida
425 1251 508 1285 eius
533 1251 703 1299 insignia
728 1247 983 1292 Phalasarna,
1009 1247 1146 1292 Elaea,
1171 1247 1370 1292 Cisamon,

187 1300 440 1352 Pergamum,
465 1301 670 1352 Cydonea,
698 1301 909 1345 Minoiuxn,
934 1302 1131 1351 Apteron,
1157 1299 1369 1338 Pantoma—

187 1358 321 1399 trium,
343 1354 622 1405 Amphomala,
645 1354 904 1406 Rhithymna,
925 1353 1207 1398 Panhormum,
1227 1354 1372 1405 Cytae-

188 1408 505 1459 um,Apollonia,
530 1408 718 1452 Matium,
740 1408 948 1453 Heraclea,
967 1408 1144 1452 Miletos,
1168 1408 1372 1458 Ampelos,

189 1461 455 1512 Hierapytna,
480 1461 659 1507 Lebena,
684 1462 922 1512 Hierapolis,
946 1468 988 1499 et
1012 1464 1050 1498 in
1075 1461 1373 1499 mediterraneo

189 1515 386 1566 Gortyna,
412 1514 644 1559 Phaestum,
670 1515 841 1559 Gnosus‚
868 1514 1170 1565 Polyrrhenum,
1198 1514 1372 1566 Myrina,

189 1568 398 1619 Lycastos,
423 1568 640 1612 Rhamnus,
666 1568 829 1619 Lyctus,
855 1569 992 1612 Dium,
1016 1569 1171 1612 Asiam,
1196 1566 1372 1619 Pyloros,

190 1621 380 1672 Rhytion,
415 1622 566 1666 Elatos,
602 1621 769 1667 Pherae,
805 1622 1050 1672 Holopyxos,
1085 1621 1221 1666 Lasos,
1256 1621 1370 1658 Eleu-

188 1674 371 1720 thernae,
392 1675 642 1726 Therapnae,
668 1674 917 1719 Marathusa,
939 1675 1117 1726 Gytisos,
1139 1681 1182 1712 et
1203 1674 1371 1712 aliorum

455 1754 466 1773 ¹
492 1753 648 1794 Mayhoff
659 1766 666 1784 :
696 1753 863 1790 Selacosa,
883 1752 1110 1784 Dacenchrus.

227 1844 242 1859 ⁰
265 1839 439 1880 Probably
456 1839 548 1880 Cape
563 1839 632 1871 San
649 1839 778 1875 sidero,
796 1843 858 1870 not
873 1838 967 1880 Cape
982 1838 1156 1875 Salomon.
1174 1838 1209 1869 in
1231 1839 1322 1879 spito
1337 1837 1377 1870 of

187 1883 244 1944 th?
261 1893 461 1958 'ri'tl'irenlssreek
478 1935 578 1956 name
596 1926 750 1956 survives
768 1925 802 1956 in
821 1924 880 1956 the
899 1923 1040 1956 modern
1057 1924 1150 1965 Capo
1168 1924 1257 1957 Crio.

228 1974 239 1987 ‘
260 1969 332 2000 'l‘he
349 1968 488 2000 modern
505 1968 628 2000 Canca.

229 2012 243 2030 ‘¹
264 2013 335 2043 'l'he
352 2013 417 2043 site
433 2012 461 2043 is
477 2022 552 2043 now
570 2010 732 2052 occupied
751 2011 795 2052 by
813 2010 953 2042 Candia.

192 2075 258 2110 160
