1515 2351
122 623 182 653 211

125 1049 143 1079 10

169 1049 187 1079 [Φ

402 141 568 179 PLINY
583 156 591 179 ε
643 142 905 180 NATURAL
942 141 1178 180 HISTORY

201 246 324 284 Asiae
335 251 452 296 parte
464 249 656 283 maiorem
669 259 757 283 esse
769 259 890 296 quam
903 246 1056 289 Asiam,
1070 246 1240 283 eandem
1253 245 1380 282 altero

200 305 318 337 tanto
343 306 383 336 et
408 305 525 336 sexta
547 305 665 349 parte
688 299 851 336 Africae
874 299 1107 348 ampliorem
1133 312 1252 349 quam
1277 298 1381 335 Afri-

200 366 302 390 cam.
357 352 463 402 quod
495 355 527 389 si
559 355 801 389 misceantur
833 365 970 389 omnes
1002 365 1196 396 summae,
1229 351 1380 402 liquido

201 406 360 456 patebit
374 406 577 455 Europam
592 408 715 442 totius
731 411 866 443 terrae
880 408 1046 442 tertiam
1063 418 1149 442 esse
1163 411 1323 455 partem
1339 410 1380 442 et

202 465 385 496 octavam
424 459 544 508 paulo
582 459 766 508 amplius,
804 459 943 496 Asiam
982 472 1074 496 vero
1113 464 1299 508 quartam
1339 463 1381 495 et

204 512 602 562 quartamdecimam,
618 512 796 549 Africam
812 518 949 549 autem
963 515 1144 562 quintam
1161 516 1204 547 et
1218 513 1381 559 insuper

202 568 506 615 sexagesimam.

255 618 444 655 XXXIX.
470 618 541 655 His
554 618 747 655 addemus
761 621 981 655 etiamnum
994 631 1115 655 unam
1131 618 1310 655 Graecae
1325 621 1381 654 in-

205 673 402 707 ventionis
423 670 700 707 sententiam1
722 670 784 707 vel
801 672 1124 720 exquisitissmae
1143 669 1380 707 subtilitatis

206 731 250 762 ut
267 724 364 762 nihil
380 725 484 762 desit
500 727 542 762 in
558 725 778 774 spectando
794 731 990 762 terrarum
1007 727 1101 769 situ,
1118 725 1381 775 indicatisque

204 778 430 827 regionibus
461 785 647 815 noscatur
676 784 717 815 et
742 778 874 828 quae²
892 780 1036 828 cuique
1056 791 1192 815 earum
1212 779 1384 814 societas

201 834 252 869 sit
273 835 355 868 sive
375 834 561 881 cognatio
581 831 736 869 dierum
757 845 802 868 ac
824 834 1014 875 noctium,
1035 831 1257 882 quibusque
1278 834 1384 868 inter

204 898 247 922 se
272 898 387 934 pares
414 885 578 922 umbrae
604 891 646 922 et
671 898 801 935 aequa
825 885 964 921 mundi
988 887 1231 921 convexitas.
1287 897 1382 935 ergo

205 938 396 975 reddetur
426 937 499 975 hoc
531 941 668 982 etiam,
698 944 886 988 terraque
921 940 1103 975 universa
1132 940 1172 974 in
1203 938 1384 974 membra

203 991 304 1028 caeli
323 991 559 1041 digeretur.³

258 1044 375 1081 Plura
406 1050 499 1082 sunt
531 1050 668 1081 autem
699 1050 910 1094 segmenta
942 1044 1080 1081 mundi
1119 1057 1221 1094 quae
1260 1046 1382 1081 nostri

205 1098 368 1135 circulos
401 1098 668 1147 appellavere,
698 1098 841 1134 Graeci
872 1097 1094 1147 parallelos.
1148 1099 1383 1147 principium

205 1150 329 1188 habet
360 1151 499 1188 Indiae
528 1164 617 1200 pars
646 1164 759 1188 versa
786 1151 837 1187 ad
865 1156 1067 1194 austrum;
1111 1156 1227 1200 patet
1256 1163 1382 1200 usque

205 1205 398 1241 Arabiam
454 1210 495 1241 et
552 1204 674 1241 Rubri
732 1203 856 1240 Maris
911 1203 1076 1241 accolas.
1129 1206 1385 1241 continentur

207 1257 388 1301 Gedrosi,
405 1257 606 1301 Carmani,
624 1257 782 1301 Persae,
801 1257 996 1307 Elymaei,
1014 1256 1256 1308 Parthyene,
1273 1257 1383 1300 Aria,

206 1310 386 1354 Susiane,
413 1310 721 1360 Mesopotamia,
745 1310 1230 1360 Seleucia·cognominata
1254 1310 1384 1360 Baby-

205 1364 325 1408 lonia,
352 1364 502 1401 Arabia
529 1364 580 1401 ad
606 1363 769 1400 Petram
784 1361 801 1385 ‘²
826 1376 965 1413 usque,
985 1364 1097 1414 Syria
1117 1363 1250 1407 Coele,
1271 1363 1386 1400 Pelu-

206 1421 322 1459 sium,
339 1418 516 1467 Aegypti
536 1416 722 1454 infcriora
742 1430 847 1467 quae
866 1417 994 1453 Chora
1015 1423 1190 1460 vocatur,
1211 1416 1384 1453 Alexan-

206 1471 290 1508 dria
298 1499 307 1514 ,
320 1470 479 1507 Africae
490 1473 704 1513 maritima,
715 1470 932 1520 Cyrenaica
943 1470 1089 1520 oppida
1099 1472 1244 1514 omnia,
1253 1469 1384 1520 Thap-

206 1537 285 1567 suS,
302 1524 611 1567 Hadrumetum,
631 1523 797 1573 Clupea,
816 1522 1032 1574 CarthagO,
1052 1522 1186 1567 Utica,
1214 1529 1385 1573 uterque

208 1577 356 1627 Hippo,
391 1577 592 1621 Numidia,
628 1576 883 1614 Mauretania
918 1583 1102 1627 utraque,
1136 1576 1385 1613 Atlanticum

208 1644 331 1673 marc,
352 1630 571 1667 Columnae
593 1630 787 1667 Herculis.
842 1633 881 1666 in
902 1629 974 1667 hoc
994 1630 1095 1666 caeli
1115 1629 1383 1679 circumplexu

208 1687 449 1734 aequinoctii
482 1684 549 1721 die
581 1684 714 1720 medio
746 1683 956 1720 umbilicus
991 1696 1110 1733 quem
1143 1696 1384 1733 gnomonem

208 1743 351 1774 vocant
381 1743 537 1787 septem
568 1737 691 1787 pedes
722 1737 861 1787 longus
891 1737 1074 1773 umbram
1104 1749 1183 1773 non
1213 1736 1383 1786 amplius

209 1797 400 1841 quattuor
428 1790 552 1840 pedes
581 1790 742 1840 longam
772 1790 918 1834 reddit,
947 1792 1073 1827 noctis
1103 1802 1195 1827 vero
1224 1789 1384 1840 dieique

266 1882 278 1901 ¹
301 1882 479 1913 scientiam
496 1880 586 1912 codd.
604 1881 756 1921 plurimi.

262 1925 275 1943 ²
299 1928 332 1955 et
357 1935 433 1955 cum
459 1934 526 1964 qua
550 1923 638 1954 codd.
659 1924 800 1963 plurimi
824 1926 873 1962 (et
897 1933 974 1954 cum
1000 1933 1067 1964 qua
1091 1923 1213 1963 cuique
1236 1921 1385 1954 siderum

222 1965 806 2049 Μέιῃῖἷφῇὶῆἱηςωίᾟοᾲῖὲᾜο
821 1967 999 1997 universae
1024 1990 1031 1998 .
1058 1990 1065 1997 .
1092 1990 1098 1997 .
1124 1965 1329 2006 digerentur.

208 2083 278 2119 494
