1515 2351
142 357 183 387 75

143 1427 182 1456 77

414 141 604 179 PLINY:
657 141 920 179 NATURAL
958 141 1194 179 HISTORY

211 245 406 282 Caesarea
452 259 541 281 cuin
590 259 706 295 supra
753 244 861 282 dicto
908 244 1051 294 fonte),
1098 245 1230 290 Abila,
1277 246 1394 287 Arca.

212 299 486 348 Ampeloessa,
507 299 633 335 Gabe.

263 352 392 389 XVII.
442 352 544 388 Hinc
591 351 844 388 redeundum
891 356 953 388 est
1008 351 1059 388 ad
1106 365 1216 389 oram
1271 359 1394 403 atque

213 404 450 442 Phoenicen.
507 405 583 441 fuit
618 405 810 455 oppidum
841 404 1089 449 Crocodilon,
1125 411 1187 442 est
1222 405 1394 451 flumen;

211 461 402 495 memoria
455 459 612 495 urbium
667 459 834 503 Dorum,
886 457 1154 509 Sycaminum.
1210 473 1395 510 promun-

211 515 360 549 turium
403 512 630 548 Carmelum
673 518 715 549 et
757 514 797 548 in
838 517 976 549 monte
1019 512 1210 563 oppidum
1252 513 1395 551 eodem

211 568 386 609 nomine,
417 566 619 615 quondam
651 566 862 602 Acbatana
891 565 1057 602 dictum.
1112 568 1226 603 iuxta
1257 567 1396 612 Getta,

212 619 341 663 Geba,
366 622 470 655 rivus
498 618 644 655 Pacida
668 621 750 656 sive
777 619 910 663 Belus,
935 621 1024 656 vitri
1053 618 1206 657 fertiles
1226 619 1395 658 harenas

211 686 331 723 parvo
369 673 473 709 litori
513 676 704 715 miscens;
758 675 842 723 ipse
881 685 903 709 e
942 672 1088 723 palude
1129 672 1335 710 Cendebia
1373 688 1396 711 a

210 726 407 763 radicibus
454 726 624 763 Carmeli
671 725 843 776 profluit..
899 728 1012 763 iuxta
1056 725 1209 763 colonia
1255 727 1395 765 Claudi

212 779 390 816 Caesaris
422 778 652 820 Ptolemais.
684 793 786 829 quae
819 779 1021 829 quondam
1052 779 1174 824 Acce,
1204 781 1395 831 oppidum

210 833 405 884 Ecdippa,
441 836 763 883 promunturium
802 833 962 870 Album.
1017 832 1156 883 Tyros,
1194 834 1395 884 quondam

211 886 337 923 insula
366 887 546 937 praealto
573 889 673 923 mari
701 899 772 923 nec
798 887 979 937 passibus
1006 886 1145 931 divisa,
1173 900 1277 925 nunc
1305 901 1396 925 vero

212 940 431 977 Alexandri
446 942 718 991 oppugnantis
733 941 919 990 operibus
933 942 1156 984 continens,
1171 940 1263 978 olim
1278 947 1396 991 partu

210 993 315 1030 clara
350 994 512 1030 urbibus
545 996 693 1044 genitis
723 993 857 1044 Lepti,
888 993 1023 1038 Utica,
1053 999 1095 1030 et
1127 993 1194 1030 illa
1228 994 1394 1032 Romani

211 1050 365 1097 imperii
409 1047 565 1085 aemula
609 1053 889 1097 terrarumque
926 1047 1030 1084 orbis
1073 1047 1189 1085 avida
1229 1047 1396 1086 Cartha-

210 1104 318 1152 gine,
353 1104 476 1138 etiam
512 1101 691 1138 Gadibus
727 1107 843 1138 extra
877 1101 1014 1137 orbem
1049 1101 1241 1138 conditis:
1291 1115 1394 1139 nunc

211 1157 338 1191 omnis
357 1157 441 1192 cius
460 1154 646 1191 nobilitas
664 1153 871 1204 conchylio
889 1160 1014 1204 atque
1031 1167 1206 1204 purpura
1223 1161 1394 1193 constat.

210 1211 396 1245 circuitus
418 1221 481 1244 xix
504 1213 579 1252 est,
599 1211 639 1245 in
655 1208 750 1245 ora1
774 1207 986 1258 Palaetyro
1002 1207 1174 1250 inclu513
1204 1209 1394 1258 oppidum

211 1265 340 1311 ipsum
357 1273 438 1298 ΧΜΙ
459 1262 590 1298 stadia
610 1264 780 1311 optinet.
829 1261 924 1298 inde
943 1261 1111 1310 Sarepta
1133 1267 1175 1299 et
1197 1261 1394 1300 Ornithon

211 1315 357 1365 oppida
391 1321 433 1352 et
467 1314 588 1352 Sidon
623 1315 767 1352 artifex
803 1317 892 1351 vitri
926 1314 1239 1365 Thebarumque
1272 1315 1395 1354 Boeo-

210 1372 356 1406 tiarum
376 1381 531 1418 parens.

261 1422 297 1458 A
341 1428 456 1471 tergo
500 1425 583 1459 eius
629 1421 804 1458 Libanus
848 1434 960 1458 mons
1003 1434 1112 1457 orsus
1157 1433 1215 1458 MD
1257 1421 1395 1459 stadiis

211 1476 409 1526 Zimyram
455 1489 580 1526 usque
628 1478 844 1526 porrigitur
890 1474 1031 1512 Coeles
1078 1474 1218 1524 Syriae
1264 1476 1396 1525 quae²

209 1532 526 1580 cognominatur.
583 1528 672 1565 huic
707 1541 780 1578 par
818 1531 1114 1565 interveniente
1148 1527 1251 1565 valle
1283 1542 1394 1566 mons

284 1642 294 1661 ¹
319 1642 352 1673 in
373 1645 456 1673 ora?
484 1641 659 1682 Mayhosf:
693 1641 793 1672 intra.

282 1685 293 1704 ²
317 1685 485 1716 [each-ham
502 1698 508 1716 :
540 1695 629 1725 quae
646 1684 761 1716 Coeles
778 1684 897 1724 Syriae
913 1687 971 1714 aut
989 1694 1075 1724 quae
1093 1683 1190 1716 Coele
1207 1684 1317 1725 Syria.

254 1809 268 1823 ⁶
291 1803 340 1835 Τὰ
357 1805 457 1844 Δῶρα
473 1804 542 1835 and
561 1802 755 1842 Συκαμίνων
772 1803 874 1836 πόλις.

258 1847 270 1866 ⁶
294 1847 454 1896 Believed
478 1850 515 1878 to
540 1847 627 1878 have
653 1847 737 1878 been
760 1846 883 1878 named
904 1845 993 1877 aster
1014 1845 1173 1886 Ptolemy
1194 1845 1222 1884 I,
1242 1845 1318 1879 who
1337 1856 1391 1878 en·

210 1890 379 1965 lur‘golz'lolxz·
389 1932 485 1964 Aere.

252 1975 266 1994 '¹
290 1976 349 2008 Le.
368 1976 438 2007 Rae
453 1975 483 2007 el
500 1975 623 2013 Abiad,
641 1975 685 2006 its
704 1975 844 2006 modern
863 1985 974 2006 name.

253 2025 264 2038 '
287 2018 452 2050 Founded
471 2018 517 2060 by
534 2018 693 2056 Cadmus,
713 2028 774 2049 son
792 2017 831 2049 of
843 2017 979 2059 Agenor
996 2017 1088 2058 King
1106 2016 1145 2049 of
1157 2016 1273 2050 Sidon.

214 2081 282 2127 278
