1515 2351
118 730 160 761 34

119 1288 161 1318 35

383 126 549 164 PLINY
566 141 574 164 ε
627 128 892 166 NATURAL
929 127 1168 166 HISTORY

183 237 468 282 praeterquam
513 233 553 266 in
597 231 803 280 Aegypto,
843 230 909 267 ubi
950 229 1086 267 fetifer
1120 236 1220 280 potu
1259 230 1372 269 Nilus

183 296 324 330 amnis.
380 294 560 342 proxime
577 294 772 341 supremis
791 291 871 328 divi
892 292 1066 342 Augusti
1089 291 1238 329 Fausta
1252 305 1374 343 quae-

183 354 276 391 dam
300 366 321 390 e
345 353 463 403 plebe
487 353 627 390 Ostiae
651 353 750 390 duos
773 366 903 390 mares
926 353 1180 403 totidemque
1204 353 1372 392 feminas

184 418 302 453 enixa
339 414 489 452 famem
527 428 631 465 quae
669 420 885 452 consecuta
923 420 985 452 est
1022 415 1230 465 portendit
1266 415 1374 453 haud

183 477 317 515 dubie.
373 479 572 527 reperitur
597 482 638 514 et
664 479 704 513 in
730 475 1006 527 Peloponneso
1032 479 1172 527 quinos
1188 478 1202 502 ¹
1231 483 1375 528 quater

185 542 318 583 enixa,
358 542 631 589 maioremque
672 545 830 588 partem
870 551 920 576 ex
960 541 1067 576 omni
1108 541 1192 576 eius
1232 541 1375 577 vixisse

184 607 316 651 partu.
372 606 414 638 et
453 603 493 637 in
530 601 723 651 Aegypto
761 606 950 650 septenos
989 613 1068 637 uno
1106 606 1222 638 utero
1259 600 1375 638 simul

183 665 291 714 gigni
314 667 452 699 auctor
473 668 535 699 est
553 662 719 712 Trogus.

235 725 467 775 Gignuntur
482 730 524 761 et
539 727 748 774 utriusque
765 737 883 761 sexus
899 737 997 774 quos
1014 723 1376 775 Hermaphroditos

185 799 385 829 vocamus,
420 786 513 822 olim
548 785 803 837 androgynos
837 791 999 823 vocatos
1035 791 1077 823 et
1111 787 1152 822 in
1185 786 1377 837 prodigiis

186 848 357 892 habitos,
391 861 495 884 nune
529 861 622 884 vero
655 850 696 884 in
729 847 894 885 deliciis,
951 846 1164 898 Pompeius
1201 847 1376 898 Magnus

186 913 225 947 in
252 912 498 947 ornamentis
525 909 675 947 theatri
702 909 904 947 mirabiles
931 908 1040 946 fama
1066 912 1200 960 posuit
1226 910 1377 961 effigies

186 973 237 1010 ob
289 972 329 1009 id
381 971 613 1022 diligentius
665 985 903 1022 magnorum
956 971 1155 1008 artificum
1206 974 1376 1022 ingeniis

185 1034 425 1078 elaboratas,
465 1037 570 1070 inter
610 1047 708 1083 quas
750 1034 896 1083 legitur
936 1032 1131 1084 Eutychis
1171 1046 1195 1070 a
1234 1035 1375 1084 viginti

187 1095 320 1133 liberis
367 1108 464 1146 rogo
512 1095 638 1132 inlata
683 1095 880 1132 Trallibus
929 1097 1047 1132 enixa
1096 1108 1176 1132 xxx
1225 1101 1377 1145 partus,

186 1157 356 1208 Alcippe
395 1156 672 1207 elephantum,
711 1170 955 1207 quamquam
994 1156 1034 1194 id
1073 1159 1178 1194 inter
1217 1162 1378 1194 ostenta

187 1225 263 1264 est,
280 1232 455 1270 namque
474 1225 516 1257 et
534 1225 765 1270 serpentem
784 1222 943 1270 peperit
960 1221 1066 1256 inter
1082 1221 1196 1256 initia
1217 1218 1377 1256 Marsici

185 1281 278 1319 belli
319 1281 461 1319 ancilla
500 1287 543 1319 et
581 1281 849 1319 multiformes
888 1281 1067 1332 pluribus
1106 1280 1234 1318 modis
1274 1284 1379 1318 inter

185 1350 365 1382 monstra
403 1350 541 1395 partus
582 1344 768 1382 eduntur.
825 1343 1014 1381 Claudius
1054 1343 1201 1381 Caesar
1239 1344 1378 1381 scribit

186 1405 547 1457 hippocentaurum
594 1408 634 1443 in
680 1405 886 1443 Thessalia
932 1411 1072 1442 natum
1120 1405 1263 1443 eodem
1310 1405 1375 1443 die

187 1471 385 1512 interisse,
427 1474 470 1505 et
513 1481 582 1504 nos
625 1470 852 1518 principatu
895 1469 979 1504 eius
1021 1467 1188 1504 allatum
1230 1466 1284 1504 illi
1327 1479 1377 1504 ex

187 1531 378 1580 Aegypto
413 1532 453 1566 in
488 1529 606 1566 melle
641 1529 824 1566 vidimus.
879 1534 943 1566 est
977 1531 1083 1566 inter
1116 1528 1304 1579 exempla
1336 1531 1377 1565 in

187 1597 347 1628 uterum
379 1594 560 1642 protinus
590 1603 771 1628 reversus
802 1589 932 1628 infans
963 1589 1133 1641 Sagunti
1164 1603 1243 1641 quo
1273 1603 1377 1627 anno

187 1654 280 1690 urbs
297 1653 311 1676 ²
331 1653 466 1691 deleta
486 1653 536 1690 ab
558 1652 783 1690 Hannibale
804 1657 878 1690 est.

300 1751 312 1771 ¹
336 1750 475 1792 quinos]
490 1749 656 1781 Sabelliws
669 1749 740 1781 coll.
755 1749 862 1781 Arist.
877 1749 909 1781 Ῐι.
924 1759 981 1780 an.
998 1750 1028 1786 7,
1045 1751 1075 1786 5,
1095 1750 1108 1780 l
1127 1761 1135 1780 z
1166 1749 1276 1780 binos.

298 1794 310 1813 ²
333 1793 418 1825 urbs
431 1793 507 1825 add.
525 1793 706 1825 Rackham.

515 1958 529 1973 ⁰
552 1953 624 1985 Tho
639 1952 750 1985 Social
766 1952 858 1990 War,
876 1953 984 1985 91—88
1001 1961 1068 1985 nc.

521 1996 533 2015 ⁶
556 1997 620 2028 218
637 2004 702 2028 ac.

195 2060 265 2109 528
