1515 2351
114 740 157 771 06

111 1721 152 1752 67

387 103 578 143 PLINY:
631 106 894 143 NATURAL
932 106 1168 144 HISTORY

181 207 386 260 Cyclades.
443 211 570 259 prima
597 221 734 246 earum
762 209 923 246 Andrus
950 222 1042 246 cum
1069 209 1218 260 oppido
1252 210 1368 248 abest

181 298 204 321 a
220 284 415 322 Geraesto
433 291 468 328 i,
484 297 506 320 a
522 284 603 321 Ceo
619 298 785 322 xxxvm.
843 288 969 334 ipsam
986 283 1178 335 Myrsilus
1193 283 1368 330 Cauron,

180 359 326 397 deinde
345 359 582 396 Antandron
600 362 924 410 cognominatam
942 359 1079 403 tradit,
1098 359 1368 397 Callimachus

182 434 353 478 Lasiam,
375 434 439 470 alii
461 434 718 485 Nonagriam,
739 434 982 485 Hydrusam,
1005 435 1208 485 Epagrim.
1248 441 1368 486 patet

179 512 346 547 circuitu
382 516 493 548 x—csi‘x.
559 510 609 547 ab
647 509 790 547 eadem
827 510 964 547 Andro
1001 524 1138 561 passus
1178 509 1286 547 mille
1326 516 1369 548 et

180 598 204 622 a
230 585 333 622 Delo
361 591 411 623 fv
434 585 564 623 Tenos
591 599 680 622 cum
707 585 854 636 oppido
879 587 920 622 in
947 592 995 624 x—v
1021 591 1220 636 porrecta,
1247 598 1368 636 quam

181 667 345 712 propter
361 674 552 711 aquarum
570 660 858 698 abundantiam
879 661 1118 698 Aristoteles
1139 661 1369 712 Hydrusam

185 736 428 787 appellatam
454 739 523 781 ait,
547 735 668 787 aliqui
693 735 926 786 Ophiusam.
981 742 1142 773 ceterae
1170 736 1368 787 Myconus

181 825 272 849 cum
288 817 425 848 monte
443 812 627 849 Dimasto
643 824 665 848 a
682 811 785 848 Delo
802 817 865 856 XV,
882 810 1052 862 Siphnus
1069 817 1163 849 ante
1183 811 1370 863 Meropia

181 893 224 924 et
243 888 336 924 Acis
357 887 559 938 appellata
578 889 744 924 circuitu
766 893 906 932 Χῖῑῆῑῐ,
927 886 1115 938 Seriphus
1139 893 1203 932 x—v,
1223 885 1369 938 Prepe-

180 962 348 1007 sinthus,
373 962 566 1014 Cythnos,
590 965 755 1013 ipsaque
779 962 899 1013 longe
922 962 1140 1000 clarissima
1163 968 1205 1000 et
1229 962 1368 1014 Cycla-

180 1038 275 1075 dum
295 1038 429 1075 media
448 1052 493 1075 ac
513 1038 666 1089 templo
686 1038 881 1088 Apollinis
901 1044 943 1075 et
963 1043 1144 1075 mercatu
1163 1038 1368 1075 celebrata

181 1113 318 1159 Delos,
345 1127 448 1164 quae
476 1113 545 1151 diu
573 1113 780 1158 fluctuata,
810 1120 854 1151 ut
880 1113 1076 1164 proditur,
1103 1113 1186 1151 sola
1212 1120 1367 1151 motum

181 1195 312 1226 terrae
330 1203 409 1226 non
426 1192 551 1226 scnsit
568 1189 617 1226 ad
638 1188 695 1225 M.
716 1189 902 1226 Varronis
919 1195 1122 1226 aetatem:
1156 1188 1367 1226 Mucianus

180 1265 356 1315 prodidit
394 1265 453 1302 bis
491 1278 735 1302 concussam.
791 1264 892 1302 hanc
930 1264 1171 1302 Aristoteles
1207 1267 1266 1302 ita
1302 1278 1369 1316 ap-

182 1340 373 1391 pellatam
394 1340 563 1377 tradidit
585 1343 773 1391 quoniam
794 1346 963 1391 repente
985 1343 1215 1391 apparuerit
1235 1346 1369 1386 enata,

180 1415 473 1467 Aglaosthenes
511 1415 740 1466 Cynthiam,
778 1415 843 1452 alii
882 1415 1110 1466 Ortygiam,
1147 1416 1367 1461 Asteriam,

181 1491 363 1542 Lagiam,
389 1491 682 1542 chlamy-diam,
709 1490 954 1542 Cynethum,
982 1490 1170 1542 Pyrpilen
1196 1494 1288 1542 igne
1314 1491 1367 1528 ibi

179 1569 351 1617 primum
404 1573 576 1617 reperto.
631 1569 805 1617 cingitur
858 1572 881 1604 V
934 1580 1136 1617 passuum,
1189 1566 1369 1617 adsurgit

181 1641 355 1692 Cynthio
374 1649 524 1679 monte.

233 1716 417 1755 Proxima
455 1720 492 1754 ei
532 1716 669 1754 Rhene
710 1731 829 1768 quam
869 1717 1091 1755 Anticlides
1130 1717 1367 1755 Celadusam

180 1799 308 1838 vocat,
357 1795 454 1830 item
506 1794 748 1838 Artemiten,
788 1792 1028 1838 Celadincn;
1080 1783 1198 1844 Syros
1247 1807 1366 1843 quam

177 1871 344 1906 circuitu
380 1876 519 1919 patere
558 1875 607 1906 >Ti
643 1868 907 1919 prodiderunt
943 1875 1114 1914 veteres,
1153 1867 1365 1906 Mucianus

583 1993 597 2008 ⁸
619 1986 740 2028 Δῆλος,
759 1991 767 2003 ⁴
781 1987 967 2018 manifest!

183 2033 250 2069 166
