1515 2351
114 474 155 505 37

115 965 156 997 38

116 1644 158 1674 :29

382 118 550 156 PLINY
565 133 574 156 ε
626 119 891 157 NATURAL
926 119 1165 157 HISTORY

182 228 224 260 et
259 223 425 260 meridie
459 235 532 273 per
565 221 765 260 Cadusiae
799 229 842 260 et
875 222 1075 260 Albaniae
1107 236 1219 259 oram
1250 226 1367 261 Vcccc

181 284 327 328 stadia,
364 284 459 322 inde
494 296 567 334 per
604 284 782 328 Atiacos,
820 283 1032 328 Amarbos,
1070 283 1277 334 Hyrcanos
1314 283 1366 322 ad

183 349 331 383 ostium
369 345 466 383 Zoni
505 345 677 383 fluminis
712 346 893 389 ἤικτο,
937 345 988 382 ab
1033 358 1080 383 eo
1126 345 1178 382 ad
1219 347 1365 384 ostium

184 407 355 445 Iaxartis
392 419 563 451 uncccc,
594 419 698 458 quae
735 419 892 444 summa
929 406 1049 444 efficit
1086 407 1162 459 Γκῑῑι
1200 407 1295 444 ιῖυῖν
1325 419 1364 458 p.

183 468 460 506 Artemidorus
480 467 571 506 hinc
591 467 769 506 detrahit
787 468 862 505 ᾗ·
881 481 920 518 p.
976 469 1156 520 Agrippa
1177 467 1364 518 Caspium

183 544 293 568 mare
307 536 535 581 gentesque
549 543 654 580 quae
667 532 772 567 circa
786 536 879 567 sunt
895 536 938 567 et
952 543 1042 567 cum
1059 532 1104 567 iis
1120 530 1366 574 Armeniam,

182 591 473 629 determinatas
495 592 546 628 ab
568 594 725 630 oriente
745 604 896 629 oceano
916 590 1065 636 Serico,
1086 591 1137 628 ab
1158 590 1366 628 occidente

183 653 350 690 Caucasi
368 656 485 704 iugiS,
504 666 526 689 a
546 653 711 690 meridie
729 653 863 696 Tauri,
881 665 906 690 a
921 655 1200 703 septentrione
1217 665 1367 689 oceano

183 713 384 765 Scythico,
404 721 546 765 patere
565 727 644 765 qua
665 717 871 766 cognitum
892 720 954 752 est
974 725 1162 751 ccccuocx
1182 716 1223 751 in
1243 713 1367 764 longi-

181 776 379 820 tudinem,
404 779 445 812 in
470 775 728 813 latitudinem
755 775 846 813 effi:
871 775 1060 826 prodidit.
1113 787 1194 812 non
1219 774 1366 812 desunt

183 851 276 876 vero
312 840 379 888 qui
417 840 500 875 eius
536 839 656 875 maris
692 840 921 874 universum
956 838 1167 875 circuitum
1203 849 1227 874 a
1262 835 1367 874 freto

187 900 282 950 lit-xx]
304 899 483 936 tradunt.

236 960 434 1011 Inrumpit
457 968 597 998 autem
619 963 715 998 artis
740 960 920 997 faucibus
944 966 987 998 et
1010 962 1050 996 in
1074 959 1366 1010 longitudinem

183 1025 381 1071 spatiosis,
421 1028 547 1073 atque
586 1022 653 1060 ubi
693 1025 827 1072 coepit
867 1024 909 1059 in
946 1021 1205 1059 latitudinem
1245 1021 1366 1071 pandi

183 1083 330 1121 lunatis
345 1083 576 1134 obliquatur
588 1083 786 1128 cornibus,
802 1083 912 1121 velut
927 1083 978 1120 ad
996 1082 1222 1119 Maeotium
1236 1082 1366 1120 lacum

184 1146 234 1181 ab
261 1158 328 1183 ore
359 1145 621 1190 descendens,
647 1144 780 1189 sicilis‚
807 1150 852 1182 ut
879 1150 1019 1182 auctor
1047 1150 1108 1182 est
1141 1143 1198 1181 M.
1230 1143 1368 1187 Varro,

182 1206 454 1245 similitudine.
510 1209 658 1257 primus
709 1209 817 1244 sinus
867 1204 1096 1256 appellatur
1145 1204 1366 1257 Scythicus.

183 1271 385 1319 utrimque
419 1271 525 1306 enim
558 1268 741 1306 accolunt
775 1267 952 1319 Scythae
983 1273 1026 1305 et
1058 1280 1130 1318 per
1160 1269 1367 1318 angustias

183 1333 288 1368 inter
321 1343 366 1368 se
398 1336 628 1368 commeant
662 1329 753 1367 hinc
790 1329 993 1367 Nomades
1028 1335 1070 1366 et
1104 1328 1367 1366 Sauromatae

184 1392 319 1430 multis
337 1392 577 1436 nominibus,
593 1390 701 1429 illinc
720 1391 883 1428 Abzoae
902 1404 982 1428 non
999 1390 1263 1441 paucioribus.
1317 1390 1368 1427 ab

184 1456 351 1491 introitu
387 1453 533 1491 dextra
570 1466 802 1490 mucronem
841 1455 971 1502 ipsum
1008 1451 1185 1489 faucium
1223 1457 1367 1489 tenent

185 1515 307 1552 Udini
327 1514 565 1566 Scytharum
584 1514 777 1565 populum
810 1514 904 1551 dein
923 1527 995 1564 per
1013 1527 1123 1550 oram
1143 1512 1305 1556 Albani,
1322 1518 1367 1550 ut

184 1576 333 1621 serunt,
361 1576 413 1614 ab
443 1577 585 1614 Iasone
617 1577 709 1619 orti,
739 1574 877 1613 unde¹
910 1575 1016 1626 quod
1048 1587 1160 1612 mare
1190 1574 1243 1612 ibi
1276 1573 1369 1612 ‹st’

185 1637 386 1675 Albanum
406 1640 647 1675 nominatur.
701 1636 801 1675 hacc
819 1650 919 1688 gens
937 1635 1147 1687 superfusa
1166 1635 1368 1674 montibus

184 1699 370 1737 Caucasis
408 1699 459 1737 ad
498 1699 645 1750 Cyrum
685 1712 860 1742 amnem,
898 1699 1116 1735 Armeniae
1153 1696 1368 1735 confinium

251 1778 263 1798 ¹
289 1777 463 1818 Mayhoff:
492 1783 585 1809 ante.
691 1778 704 1796 ¹
726 1776 772 1808 ibi
788 1782 841 1808 est
858 1776 1033 1817 Mayhoff:
1062 1781 1116 1807 est
1130 1779 1189 1807 aut
1204 1775 1314 1807 abest.

183 1868 246 1939 ca}
265 1863 346 1912 'l'his
373 1862 478 1904 really
504 1862 697 1904 discharges
729 1862 802 1894 into
828 1861 886 1893 the
912 1861 993 1893 Aral
1017 1862 1092 1899 Sea,
1119 1866 1181 1893 not
1210 1861 1284 1893 into
1309 1860 1368 1893 tbe

250 1917 340 1947 pian.

230 1949 242 1969 ⁸
267 1949 326 1981 1.e.
349 1949 408 1980 the
427 1949 619 1989 imaginary
640 1957 781 1988 passage
804 1947 848 1988 by
870 1946 980 1978 which
1001 1947 1029 1978 it
1050 1957 1118 1978 was
1137 1945 1308 1988 supposed
1329 1950 1367 1978 to

183 1993 435 2024 communicate
449 1991 533 2023 with
548 1991 607 2023 the
621 1991 787 2032 Scythiau
804 1990 929 2022 Ooean.

182 2051 254 2097 364
