1515 2351
129 570 191 604 117

128 1322 189 1353 118

130 1428 188 1459 119

420 142 611 181 PLINY:
663 143 928 181 NATURAL
965 143 1202 182 HISTORY

216 247 422 283 merabilia
445 246 591 283 deinde
615 252 709 284 sunt
733 246 919 296 exempla
942 247 1137 291 Romana,
1160 249 1192 284 si
1215 249 1403 298 persequi

217 299 356 344 libeat,
385 314 474 337 cum
504 300 636 350 plures
666 313 745 337 una
773 313 872 351 gens
901 302 941 337 in
971 313 1224 351 quocumque
1253 313 1403 351 genere

216 356 382 390 eximios
414 354 553 390 tulerit
585 367 706 403 quam
737 359 899 391 ceterae
931 359 1077 391 terrae.
1132 354 1203 391 sed
1235 367 1314 404 quo
1346 359 1404 399 te,

218 406 275 443 M.
295 407 411 450 Tulli,
429 407 584 457 piaculo
603 413 775 452 taceam,
793 419 922 457 quove
940 409 1116 444 maxime
1135 407 1403 444 excellentem

214 462 357 511 insigni
385 460 641 510 praedicem?
677 474 756 510 quo
776 463 910 510 potius
931 474 1052 510 quam
1074 463 1247 498 universi
1266 460 1403 511 populi

215 513 317 550 illius
344 512 581 551 sciscentisl
610 514 852 564 amplissimo
881 516 1127 559 testimonio,
1155 527 1177 552 e
1205 519 1294 551 tota
1321 516 1404 551 vita

217 573 286 603 tun
313 567 541 604 consulatus
567 573 729 604 tantum
754 568 940 618 operibus
967 567 1133 604 electis?
1173 573 1216 605 te
1241 567 1403 605 dicente

214 620 346 668 legem
379 623 591 671 agrariam,
622 620 696 657 hoe
729 627 791 658 est
823 621 1016 658 alimenta
1047 634 1132 666 sua,
1164 621 1403 658 abdicarunt

213 675 356 719 tribus,
388 680 431 711 te
465 674 662 711 suadente
698 675 839 711 Roscio
872 674 1083 711 theatralis
1117 677 1270 712 auctori
1304 674 1404 725 legis

214 730 455 777 ignoverunt
494 733 736 778 notatasque
777 741 819 765 se
859 728 1087 765 discrimine
1127 728 1233 765 sedis
1274 741 1404 778 aequo

214 784 346 818 animo
389 781 585 826 tulerunt,
628 787 671 818 te
715 787 857 818 orante
901 784 1214 831 proscriptorum
1258 781 1404 819 liberos

212 834 381 872 honores
399 841 540 885 petere
558 835 717 885 puduit,
734 841 851 872 tuum
869 834 1042 871 Catilina
1059 834 1164 886 fugit
1181 837 1404 885 ingenium,

213 894 258 924 tu
280 888 337 924 M.
358 890 579 925 Antonium
597 890 874 939 proscripsisti.
929 888 1036 925 salve
1055 891 1206 938 primus
1224 890 1403 926 omnium

212 955 356 991 parens
379 945 533 992 patriae
558 942 775 992 appellate,
797 944 948 992 primus
970 944 1010 978 in
1034 948 1131 993 toga
1152 941 1402 992 triumphum

211 995 453 1045 linguaeque
468 996 645 1033 lauream
659 998 817 1040 merite,
831 1001 874 1032 et
887 995 1097 1032 facundiae
1114 995 1402 1046 Latiarumque

212 1048 438 1086 litterarum
469 1062 613 1099 parens
645 1055 784 1099 atque,
815 1055 862 1086 ut
892 1049 1067 1086 dictator
1098 1049 1246 1086 Caesar
1276 1048 1401 1086 hostis

212 1103 415 1152 quondam
438 1108 532 1140 tuus
556 1103 607 1140 de
634 1108 677 1140 te
704 1105 876 1153 scripsit,
903 1105 1081 1139 omnium
1108 1102 1402 1153 triumphorum

212 1156 349 1193 laurea
384 1156 566 1207 adepte²
600 1159 806 1200 maiorem,
843 1162 994 1206 quanto
1029 1156 1118 1206 plus
1154 1162 1217 1193 est
1251 1159 1401 1207 ingenii

212 1209 380 1246 Romani
432 1212 626 1247 terminos
677 1212 718 1247 in
769 1216 930 1247 tantum
983 1212 1227 1260 promovisse
1279 1223 1401 1261 quam

211 1265 379 1313 imperii.

265 1317 416 1354 XXXI.
455 1317 631 1367 Reliquis
667 1319 786 1353 animi
824 1318 937 1353 bonis
971 1319 1211 1367 praestitere
1245 1322 1401 1354 ceteros

210 1370 422 1407 mortales:
479 1373 691 1421 sapientia,
742 1371 793 1407 ob
844 1371 885 1407 id
937 1370 1041 1415 Cati,
1088 1369 1244 1408 Corculi
1291 1369 1399 1420 apud

212 1423 412 1461 Romanos
473 1427 759 1475 cognominati,
815 1424 923 1474 apud
979 1424 1154 1461 Graecos
1215 1423 1400 1461 Socrates

350 1522 362 1541 ¹
386 1521 572 1563 Dctlessen:
603 1522 706 1562 genti,
725 1522 835 1562 gentis
853 1521 1020 1562 (gentium
1045 1520 1245 1562 Welzhoser).

350 1565 362 1584 ²
386 1565 511 1606 adepte
525 1575 591 1597 om.
607 1563 659 1596 v.l.

252 1718 267 1733 ⁶
291 1714 332 1745 63
351 1723 417 1745 nr.

254 1756 266 1776 δ
291 1756 339 1789 Of
350 1757 481 1793 Rullus,
498 1756 549 1787 for
563 1756 783 1787 distribution
799 1756 838 1787 of
850 1756 962 1798 public
977 1757 1086 1788 lands.

256 1805 267 1819 ⁶
292 1800 328 1831 L.
359 1800 501 1831 Roscius
530 1800 643 1831 Otho:
682 1800 733 1830 his
760 1800 835 1836 law,
860 1801 893 1831 in
917 1800 959 1831 67
987 1809 1050 1831 13.o.
1080 1799 1235 1831 rssorved
1259 1799 1311 1830 for
1334 1798 1392 1830 the

207 1843 351 1883 Equites
365 1843 423 1874 the
440 1844 477 1873 14
494 1853 578 1873 rows
596 1843 720 1873 behind
737 1843 794 1873 the
810 1843 994 1884 patriciana
1011 1843 1044 1874 in
1060 1842 1118 1874 the
1133 1842 1277 1874 theatro.
1309 1841 1392 1874 Thjs

208 1886 403 1928 unpopular
417 1886 608 1927 legislation
626 1887 702 1917 four
739 1897 813 1918 ears
827 1886 925 1922 later,
940 1886 1037 1917 when
1051 1885 1168 1917 Cicero
1184 1896 1254 1917 was
1267 1884 1397 1922 consul,

209 1928 264 1960 led
281 1934 318 1961 to
335 1930 461 1970 rioting
481 1929 587 1960 which
607 1930 633 1959 it
650 1933 710 1960 too
753 1929 798 1959 all
815 1929 868 1960 his
883 1929 1072 1970 eloquonco
1090 1932 1128 1960 to
1145 1928 1247 1970 allay.

250 1971 266 1991 ‘¹
288 1973 350 2004 I.e.
373 1971 380 1984 ‘
397 1972 541 2012 brainy,'
561 1982 614 2003 cor
634 1971 733 2013 being
752 1971 810 2002 the
829 1975 903 2002 seat
921 1971 961 2003 of
985 1971 1042 2002 tho
1061 1971 1222 2003 intellect.
1271 1971 1396 2003 'Catus

207 2014 324 2047 Aelius
345 2015 472 2047 Sextus
484 2015 491 2027 ’
514 2015 542 2046 is
559 2015 689 2056 quoted
706 2015 795 2046 from
814 2014 947 2047 EnnIus
965 2015 1011 2057 by
1027 2014 1155 2052 Cicero,
1174 2016 1271 2046 Tusa.
1290 2013 1319 2052 Ι,
1338 2015 1396 2052 18;

207 2077 277 2125 582
