1515 2351
103 445 144 476 57

101 936 142 966 58

373 126 564 165 PLINY:
615 127 881 166 NATURAL
917 127 1155 166 HISTORY

169 230 305 281 polum
331 243 490 268 reverso
517 231 668 268 sorberi
695 236 738 268 et
764 231 815 268 ob
842 231 883 268 id
909 233 1066 281 parcius
1093 230 1230 269 fluere.
1283 231 1356 269 sed

169 299 334 337 Timaeo
374 302 406 337 si
448 303 535 350 quis
578 299 734 338 extrahi
775 313 891 351 posse
931 300 1085 346 credat,
1125 300 1356 338 umbrarum

169 369 353 407 defectus
372 369 431 407 his
450 369 593 407 diebus
613 376 655 408 et
673 370 768 407 locis
787 372 872 408 sine
892 370 970 408 fine
991 370 1119 408 adest.

222 439 368 490 Incipit
416 453 594 477 crescere
644 439 739 477 luna
787 453 890 477 nova
939 453 1216 491 quaecumque
1265 446 1357 491 post

169 509 385 546 solstitium
433 516 509 555 est,
557 511 705 547 sensim
754 510 991 560 modiceque
1039 523 1226 548 cancrum
1274 510 1356 548 sole

170 584 421 624 transeunte,
441 579 784 617 abundantissime
805 586 944 617 autem
962 579 1136 625 leonem,
1156 585 1199 618 et
1217 579 1357 618 residit

170 651 210 686 in
237 651 389 700 virgine
416 649 559 686 iisdem
586 650 730 700 quibus
757 649 936 687 adcrevit
963 649 1102 687 modis.
1156 652 1198 687 in
1224 655 1357 688 totum

170 725 308 756 autem
329 725 540 756 revocatur
562 722 668 756 intra
689 722 795 770 ripas
817 722 858 756 in
879 719 993 764 libra,
1015 725 1062 757 ut
1083 719 1209 757 tradit
1231 719 1357 757 Hero-

169 789 302 834 dotus,
326 791 548 827 centesimo
574 788 652 826 die.
707 803 799 826 cum
824 791 981 835 crescit,
1006 803 1123 840 reges
1149 795 1219 827 aut
1244 803 1358 840 prae-

169 859 297 897 fectos
321 861 510 910 navigare
536 872 584 896 eo
608 858 721 896 nefas
746 850 968 896 iudicatum
993 865 1066 897 est.
1122 865 1262 897 auctus
1286 873 1359 911 per

167 935 311 980 puteos
362 942 573 967 mensurae
624 932 729 967 notis
780 928 1150 980 deprehenduntur.
1206 932 1356 967 iustum

168 1001 463 1037 incrementum
505 1005 568 1037 est
609 999 837 1036 cubitorum
879 1011 956 1037 xvx.
1011 1002 1183 1037 minores
1226 1012 1355 1051 aquae

168 1083 248 1106 non
283 1071 417 1106 omnia
452 1071 599 1120 rigant,
636 1069 848 1120 ampliores
884 1069 1072 1106 detinent
1107 1069 1260 1107 tardius
1296 1083 1356 1107 re-

166 1139 372 1183 cedend03
436 1138 513 1176 hae
563 1139 722 1176 serendi
773 1145 957 1190 tempora
1008 1139 1224 1177 absumunt
1274 1139 1357 1178 solo

168 1209 374 1254 madente,
392 1208 484 1246 illae
505 1223 585 1246 non
604 1209 704 1246 dant
723 1212 900 1247 sitiente.
957 1214 1173 1260 utrumque
1192 1215 1357 1261 reputat

167 1281 391 1331 provincia;
425 1281 465 1316 in
485 1291 542 1316 ΧΗ
563 1280 707 1317 cubitis
729 1278 879 1316 famem
899 1281 1038 1324 sentit,
1059 1281 1099 1316 in
1119 1291 1193 1316 xm
1214 1281 1355 1317 etiam-

167 1363 264 1387 num
307 1352 444 1394 esurit,
486 1362 552 1386 xiv
594 1350 731 1387 cubita
772 1348 1020 1387 hilaritatem
1062 1348 1264 1395 adferunt,
1308 1361 1358 1387 xv

166 1421 440 1464 securitatem,
476 1432 540 1456 xvi
576 1419 751 1456 delicias.
807 1421 1028 1456 maximum
1063 1421 1356 1457 incrementum

168 1489 219 1526 ad
248 1488 322 1526 hoc
353 1492 440 1526 aevi
472 1488 548 1526 fuit
578 1489 804 1526 cubitorum
835 1501 933 1526 iwm
966 1488 1133 1526 Claudio
1162 1491 1355 1541 principe,

168 1561 376 1596 minimum
409 1572 432 1596 v
467 1557 693 1596 Pharsalico
726 1558 845 1604 bello,
879 1558 1002 1596 veluti
1037 1572 1179 1596 necem
1215 1558 1356 1610 Magni

167 1629 348 1680 prodigio
385 1628 559 1680 quodam
596 1627 760 1666 flumine
796 1635 1021 1666 aversante.
1077 1642 1169 1666 cum
1204 1634 1357 1666 stetere

167 1711 311 1749 aquae,
349 1701 499 1749 apertis
537 1697 706 1735 molibus
744 1697 1037 1742 admittuntur3
1089 1704 1135 1736 ut
1171 1711 1357 1749 quaeque

210 1873 225 1889 ⁰
249 1869 345 1900 Even
367 1869 463 1900 when
485 1869 543 1900 the
565 1879 627 1900 sun
649 1869 675 1900 is
697 1870 730 1900 in
752 1868 810 1900 tho
831 1869 944 1906 south,
967 1879 1004 1900 so
1025 1869 1103 1900 that
1123 1868 1152 1900 if
1167 1868 1356 1901 Timaeus's

165 1912 386 1952 explanation
410 1922 496 1943 were
518 1911 619 1952 right,
646 1912 703 1943 the
727 1911 802 1943 Nilo
826 1911 936 1942 would
961 1912 1001 1943 be
1025 1911 1103 1952 high
1127 1911 1172 1943 all
1195 1911 1253 1943 the
1273 1922 1356 1953 year

165 1955 285 1987 round.

208 1998 221 2017 ⁶
245 1997 292 2029 11.
312 1998 362 2029 19.

169 2060 237 2096 262
