1515 2351
126 914 188 944 142

127 1352 188 1382 143

411 150 604 189 PLINYx
654 150 922 188 NATURAL
958 149 1196 188 HISTORY

208 268 377 293 vacuum
413 253 574 292 abunde
610 267 690 290 uno
723 266 819 290 casu
852 252 1082 290 refutante:
1131 252 1330 303 siquidem
1363 253 1397 290 is

211 327 403 365 Metellus
431 327 569 363 orbam
598 325 813 362 luminibus
842 328 980 376 exegit
1008 331 1216 363 senectam
1244 327 1397 362 amissis

209 399 392 437 incendio
425 412 517 436 cum
554 397 776 435 Palladium
810 403 972 449 raperet
1007 411 1059 436 ex
1094 397 1195 435 aede
1232 397 1396 442 Vestae,

209 471 457 510 memorabili
493 484 614 508 causa
649 470 720 508 scd
757 476 907 508 eventu
941 473 1098 508 misero.
1154 483 1233 521 quo
1270 469 1315 508 fit
1351 475 1398 507 ut

209 544 346 582 infelix
384 544 546 595 quidem
583 543 661 581 dici
698 556 776 580 non
812 542 976 588 debeat,
1011 542 1107 581 felix
1142 548 1282 580 tamen
1317 556 1397 580 non

209 620 346 669 possit.
400 617 543 654 tribuit
574 619 610 654 ei
640 630 679 666 p.
713 616 758 653 R.
791 615 899 666 quod
930 615 1025 652 nulli
1057 615 1122 652 alii
1154 616 1205 653 ab
1235 615 1398 653 condito

210 703 322 734 aevo,
353 696 396 726 ut
428 691 613 739 quotiens
643 691 683 725 in
712 694 899 725 senatum
928 690 1005 725 iret
1034 701 1152 725 curru
1181 687 1398 725 veheretur

210 763 262 800 ad
291 765 456 806 curiam,
488 775 679 812 magnum
711 763 747 798 ei
780 767 823 798 et
853 761 1038 806 sublime,
1069 760 1140 798 sed
1171 774 1242 811 pro
1274 760 1398 799 oculis

210 835 363 872 datum.

262 907 406 945 XLIV.
440 907 570 944 Hujus
597 919 757 957 quoque
781 905 830 953 Q.
855 905 1013 943 Metelli
1035 908 1101 956 qui
1122 906 1189 943 illa
1211 905 1262 944 de
1282 911 1398 957 patre

210 980 313 1018 dixit
345 980 445 1016 filius
478 982 584 1016 inter
616 992 705 1016 rara
738 978 943 1016 felicitatis
976 977 1177 1016 humanae
1210 978 1398 1029 exempla

211 1061 457 1092 numeratur.
505 1067 599 1092 nam
613 1060 777 1105 praeter
789 1053 958 1091 honores
972 1054 1236 1105 amplissimos
1251 1067 1398 1105 cogno—

212 1141 388 1178 menque
406 1127 660 1165 Macedonici
677 1140 700 1163 a
713 1133 906 1177 quattuor
928 1126 1016 1164 filiis
1028 1126 1176 1164 inlatus
1197 1140 1307 1178 rogo,
1320 1140 1399 1164 uno

210 1206 411 1251 praetore,
426 1201 554 1237 tribus
574 1199 846 1237 consularibus
866 1200 1039 1250 (duobus
1057 1199 1396 1251 triumplialibus),

212 1286 290 1310 uno
303 1275 495 1318 censorio,
509 1285 613 1323 quae
627 1272 783 1324 singula
797 1285 957 1323 quoque
967 1275 1102 1323 paucis
1112 1274 1331 1324 contigere.
1358 1275 1399 1309 in

214 1349 298 1397 ipso
312 1352 450 1383 tamen
466 1344 561 1382 flore
575 1345 818 1396 dignationis
832 1358 927 1382 suae
945 1359 967 1382 a
981 1345 1023 1382 C.
1039 1346 1178 1382 Atinio
1194 1345 1399 1390 Labeone,

211 1421 273 1456 cui
293 1431 516 1469 cognomen
537 1417 614 1455 fuit
636 1417 871 1462 Macerioni,
892 1419 1053 1455 tribuno
1073 1418 1215 1468 plebis,
1235 1431 1358 1469 quem
1377 1432 1399 1456 e

212 1497 355 1528 senatu
375 1504 516 1528 censor
536 1493 725 1535 eiecerat,
745 1497 952 1528 revertens
973 1504 995 1528 e
1015 1504 1158 1541 campo
1178 1491 1399 1528 meridiano

212 1570 409 1615 tempore,
426 1577 550 1600 vacuo
568 1563 653 1600 foro
671 1569 714 1601 ct
731 1563 942 1613 Capitolio,
960 1563 1011 1600 ad
1027 1563 1243 1613 Tarpeium
1261 1569 1399 1614 raptus

213 1643 258 1674 ut
271 1638 619 1687 praecipitaretur,
632 1635 868 1673 convolante
883 1635 1046 1686 quidem
1060 1642 1145 1673 tam
1160 1634 1176 1659 1
1189 1649 1401 1674 numerosa

212 1709 277 1745 illa
309 1708 472 1745 cohorte
507 1722 610 1759 quac
643 1714 801 1758 patrem
834 1721 926 1745 eum
960 1708 1204 1759 appellabat,
1237 1708 1322 1753 sed,
1354 1714 1400 1746 ut

213 1795 375 1819 necesse
406 1787 494 1818 erat
522 1783 562 1817 in
590 1781 738 1825 subito,
767 1781 881 1818 tarde
911 1787 954 1818 ct
981 1786 1191 1832 tamquam
1218 1784 1259 1818 in
1287 1795 1399 1820 exse-

213 1857 340 1904 quias,
359 1867 450 1890 cum
469 1853 683 1890 resistendi
702 1859 1081 1903 sacroquesanctum
1100 1853 1321 1904 repellendi
1339 1857 1398 1892 ius

214 1939 292 1963 non
316 1931 438 1971 esset,
460 1928 618 1962 virtutis
642 1938 736 1961 ¹<uae
760 1938 882 1976 opera
905 1931 947 1963 et
969 1938 1161 1963 censurae
1183 1929 1398 1977 periturus,

652 2011 664 2031 ²
689 2014 788 2042 tum?
809 2011 970 2052 Mayhoff.

214 2074 287 2111 600
