1515 2351
123 652 181 683 103

409 124 598 163 PLINY:
653 126 917 164 NATURAL
955 125 1193 164 HISTORY

205 242 230 266 a
270 232 547 279 septentrione
590 228 886 280 Paphlagonia3
942 228 1058 267 huius
1100 229 1393 281 longitudinem

206 301 383 344 ccccffiix‘,
423 299 680 337 latitudinem
725 313 842 337 cccxx
891 299 1000 338 fecit.
1045 299 1217 338 alteram
1261 300 1394 337 deter-

207 371 371 406 minavit
405 370 455 405 ab
489 372 644 407 oriente
676 370 867 406 Armenia
901 372 1068 414 minore,
1100 370 1151 406 ab
1184 369 1393 407 occidente

208 437 396 488 Phrygia,
427 438 642 488 Lycaonia,
673 438 923 489 Pamphylia,
952 452 974 475 a
1002 441 1280 489 septentrione
1306 452 1394 488 pro-

207 510 332 544 vincia
364 507 543 552 Pontica,
573 522 595 545 a
626 509 793 545 meridie
822 511 921 545 mari
953 507 1202 559 Pamphylio,
1232 508 1393 559 longam

204 579 346 621 bnxxv,
365 577 490 614 latam
511 582 665 615 (ccxxv.

256 647 406 684 XXIX.
438 648 483 684 In
505 651 686 698 proxima
706 662 775 685 ora
795 648 911 685 Caria
933 654 1008 692 est,
1029 662 1121 686 mox
1144 648 1269 692 Ionia,
1289 648 1394 686 ultra

207 730 295 754 eam
332 717 478 754 Aeolis.
535 718 651 755 Caria
687 719 845 755 mediae
881 718 1019 755 Doridi
1049 718 1394 762 circumfunditur,

205 787 256 824 ad
274 801 384 824 mare
401 794 574 838 utroque
590 788 719 825 latere
736 789 928 825 ambiens.
949 791 988 824 in
1006 801 1052 825 ea
1070 791 1392 838 promunturium

207 856 429 901 Pedalium,
441 861 567 895 amnis
582 857 757 895 Glaucus
769 858 955 895 deferens
967 858 1234 901 Telmedium,
1247 858 1394 908 oppida

206 927 404 971 Daedala,
433 928 537 978 Crya
564 927 838 978 fugitivorum,
866 928 1014 965 flumen
1042 929 1175 972 Axon,
1202 928 1393 978 oppidum

205 997 400 1048 Calynda.
455 1001 582 1034 amnis
612 998 734 1034 Indus
764 1001 802 1034 in
831 998 1113 1049 Cibyratarum
1148 1000 1249 1049 iugis
1283 1004 1393 1035 ortus

205 1070 344 1117 recipit
377 1081 422 1104 nx
454 1081 649 1117 perennes
683 1067 834 1111 fluvios,
866 1074 1065 1105 torrentes
1099 1081 1190 1105 vero
1221 1067 1391 1118 amplius

122 1142 182 1173 104
202 1144 378 1175 centum.
434 1138 625 1187 oppidum
668 1138 825 1175 Caunos
868 1138 1051 1182 liberum,
1092 1138 1186 1176 dein
1228 1137 1391 1189 Pyrnos,

122 1633 180 1665 105

204 1214 342 1258 portus
379 1208 532 1251 Cressa,
569 1222 591 1244 a
627 1222 705 1258 quo
743 1207 904 1245 Rhodus
941 1208 1067 1245 insula
1102 1221 1292 1258 passuum
1328 1209 1393 1252 x—i,

205 1278 310 1315 locus
341 1278 528 1329 Loryma,
555 1278 702 1328 oppida
727 1279 935 1322 Tisanusa,
963 1278 1148 1322 Paridon,
1177 1277 1393 1329 Larymna,

204 1351 310 1385 sinus
357 1347 589 1398 Thymnias,
636 1351 957 1398 promunturium
1005 1347 1278 1397 Aphrodisias,
1324 1361 1392 1398 op—

204 1419 341 1468 pidum
391 1418 545 1469 Hydas,
593 1421 699 1455 sinus
747 1417 964 1461 Schoenus,
1013 1421 1122 1468 regio
1169 1418 1392 1461 Bubassus;

205 1489 395 1538 oppidum
420 1488 494 1525 fuit
524 1487 742 1532 Acanthus,
767 1488 843 1525 alio
868 1491 1029 1525 nomine
1054 1487 1273 1537 Dulopolis.
1330 1494 1391 1525 est

205 1561 243 1595 iu
270 1561 547 1608 promunturio
575 1558 720 1595 Cnidos
749 1558 887 1601 libera,
914 1558 1086 1607 Triopia,
1113 1558 1206 1595 dein
1235 1557 1391 1608 Pegusa

202 1635 243 1665 et
263 1628 401 1665 Stadia
420 1628 639 1678 appellata.
695 1629 745 1665 ab
765 1641 813 1665 ea
835 1629 950 1664 Doris
970 1631 1120 1677 incipit.

255 1698 332 1735 Sed
371 1701 477 1748 prius
515 1705 631 1749 terga
669 1704 710 1735 et
748 1698 1063 1735 mediterraneas
1102 1697 1391 1735 iurisdictiones

205 1768 399 1805 indicasse
448 1771 672 1805 conveniat.
729 1782 807 1805 una
860 1767 1088 1818 appellatur
1141 1767 1391 1819 Cibyratica;

204 1841 333 1888 ipsum
367 1838 558 1888 oppidum
595 1837 794 1889 Phrygiae
828 1844 912 1881 θεὶς
959 1840 1202 1875 conveniunt
1236 1850 1284 1875 eo
1317 1850 1390 1874 xxv

203 1911 386 1946 civitates
422 1909 683 1946 celeberrima
719 1909 818 1945 urbe
854 1908 1066 1945 Laodicea.
1122 1910 1294 1958 inposita
1330 1913 1391 1945 est

207 1979 314 2029 Lyco
349 1979 515 2022 flumini,
548 1978 677 2016 latera
711 1978 969 2015 adluentibus
1004 1979 1138 2028 Asopo
1173 1984 1214 2015 et
1248 1977 1391 2028 Capro,

203 2057 272 2104 298
