1515 2351
411 124 577 162 PLINY
593 139 601 162 :
653 126 918 164 NATURAL
954 125 1194 164 HISTORY

204 230 256 268 de
271 243 350 281 quo
364 230 542 267 dicemus
558 233 740 280 exposita
754 233 862 280 prius
880 230 938 268 M.
955 231 1163 282 Agrippae
1176 233 1393 269 sententia.

129 299 187 330 137
207 307 383 345 namque
418 297 449 332 is
488 295 669 332 Mediam
706 301 748 332 et
784 294 990 332 Parthiam
1027 301 1068 332 et
1104 295 1308 333 Persidem
1343 295 1394 332 ab

206 363 360 396 oriente
402 359 516 404 Indo,
560 359 611 396 ab
650 360 860 397 occidente
897 359 1020 411 Tigri,
1058 373 1082 396 a
1119 362 1394 410 septentrione

205 424 350 468 Tauro,
383 423 576 468 Caucaso,
601 437 625 461 a
657 424 824 462 meridie
858 424 993 462 Rubro
1025 427 1125 462 mari
1158 427 1394 462 terminatas

205 495 347 538 patere
379 491 421 525 in
447 489 741 540 longitudinem
779 497 876 540 lxm!
910 489 960 526 x—Jc
987 502 1042 539 p.,
1071 492 1111 526 in
1139 489 1394 526 latitudinem

208 555 352 591 nccch
388 554 578 605 prodidit,
614 560 826 604 praeterea
864 565 937 602 per
973 567 1018 591 se
1057 553 1395 604 Mesopotamiam

207 619 257 655 ab
277 623 434 658 oriente
451 619 573 670 Tigri,
593 619 643 655 ab
664 632 807 656 occasu
836 617 1059 667 Euphrate,
1079 632 1102 655 a
1122 621 1396 668 septentrione

206 683 350 729 Tauro,
373 699 396 722 a
419 684 585 722 meridie
609 686 709 721 mari
733 683 891 721 Persico
914 683 1123 728 inclusam,
1145 682 1396 734 longitudine

211 762 303 785 occe
323 763 377 799 p.,
393 748 608 786 latitudine
628 749 760 785 cccnx.

129 818 190 849 138
260 813 418 851 Charax
456 813 648 863 oppidum
688 812 834 850 Persici
873 816 981 850 sinus
1019 816 1220 857 intimum,
1257 826 1282 850 a
1319 826 1398 864 quo

207 878 357 916 Arabia
388 879 626 916 Eudaemon
655 881 941 929 cognominata
972 881 1161 922 excurrit,
1191 876 1398 914 habitatur

208 945 249 980 in
269 944 371 981 colle
393 957 514 981 manu
535 943 643 980 facto
665 946 771 980 inter
791 942 1039 980 confluentes
1061 942 1206 980 dextra
1234 942 1399 993 Tigrim,

203 1007 317 1045 laeva
338 1009 549 1051 Eulaeum,
571 1010 600 1045 1‘1
614 1006 628 1031 ¹
649 1021 687 1058 p.
707 1007 890 1045 laxitate.
921 1007 1127 1045 conditum
1145 1013 1205 1044 est
1225 1009 1398 1057 primum

209 1073 259 1109 ab
293 1073 524 1111 Alexandro
553 1072 705 1123 Magno
730 1073 877 1110 colonis
904 1085 954 1110 ex
981 1072 1080 1109 urbe
1106 1074 1218 1123 regia
1244 1072 1398 1109 Durine

209 1151 314 1188 quae
345 1144 433 1175 tum
467 1141 620 1175 interiit
653 1137 836 1175 deductis
870 1137 1157 1188 militumque-²
1194 1136 1399 1174 inutilibus

209 1203 262 1240 ibi
287 1203 456 1247 relictis;
496 1203 785 1240 Alexandriam
809 1202 1005 1252 appellari
1027 1205 1211 1246 iusserat,
1233 1214 1401 1252 pagum-

211 1281 290 1318 que
319 1268 527 1306 Pellaeum
557 1281 579 1305 a
607 1270 742 1318 patria
770 1280 841 1304 sua
872 1280 992 1318 quem
1021 1269 1180 1317 proprie
1210 1265 1400 1303 Macedo-

134 1337 194 1368 139
213 1346 310 1370 num
355 1332 520 1370 fecerat.
576 1332 741 1370 flumina
784 1332 825 1369 id
868 1331 1060 1382 oppidum
1105 1343 1400 1382 expugnavere.

210 1404 352 1448 postea
389 1401 571 1435 restituit
609 1396 833 1434 Antiochus
872 1399 1034 1447 quintus
1073 1409 1213 1447 regum
1251 1401 1293 1434 et·
1330 1408 1401 1433 suo

211 1466 371 1500 nomine
392 1463 635 1513 appellavit3
673 1465 820 1499 iterum
842 1474 1003 1512 quoque
1022 1460 1260 1498 infestatum
1280 1459 1402 1510 Spao-

210 1530 315 1565 sines
353 1527 632 1579 Sagdodonaci
665 1527 781 1571 filius,
813 1539 882 1564 rex
917 1526 1175 1563 finitimorum
1207 1525 1402 1569 Arabum,

212 1606 332 1643 quem
373 1593 473 1630 Iuba
510 1598 701 1642 satrapen
739 1590 928 1628 Antiochi
967 1590 1088 1628 fuisse
1126 1589 1226 1628 falso
1262 1589 1402 1634 tradit,

212 1660 404 1707 oppositis
442 1657 612 1695 molibus
651 1659 829 1694 restituit
867 1668 1094 1706 nomenque
1132 1668 1249 1692 suum
1288 1653 1402 1691 dedit

384 1764 393 1782 ¹
419 1764 461 1794 sn
477 1767 533 1793 aut
551 1761 587 1794 ἦ
603 1761 673 1793 edd.
902 1760 915 1780 ²
945 1761 1008 1792 VJ.
1023 1771 1087 1791 om.
1106 1770 1181 1801 que.

263 1876 278 1891 ⁶
300 1872 372 1903 The
388 1871 493 1913 figure
509 1871 631 1902 should
648 1870 794 1911 perhaps
810 1869 852 1901 be
866 1868 1033 1901 emended
1049 1872 1085 1900 to
1101 1869 1120 1900 3
1136 1878 1174 1899 or
1187 1877 1274 1899 even
1289 1867 1321 1900 6.

263 1915 275 1934 ⁶
300 1915 346 1947 Or
371 1914 516 1956 perhaps
540 1916 548 1926 ⁶
565 1914 659 1945 these
683 1914 818 1945 settlers
843 1912 942 1955 being
965 1910 1140 1944 invalided
1162 1910 1303 1943 soldiers
1326 1909 1402 1942 who

217 1958 285 1991 had
301 1958 385 1990 been
402 1957 461 1989 left
477 1962 515 1989 at
531 1957 660 1989 Durine
674 1956 694 1988 '.

259 2007 271 2021 ἔ
292 2001 312 2033 1
317 2013 353 2033 .e.
372 2001 506 2033 Charax
524 1999 724 2042 Spaosinou.

216 2076 284 2108 442
