1515 2351
392 109 582 149 PLINY:
634 111 898 150 NATURAL
936 113 1172 152 HISTORY

108 219 167 250 127
187 215 258 253 sed
289 221 331 254 et
361 216 412 253 de
442 216 549 266 Tigri
582 219 665 266 ipso
696 216 842 254 dixisse
879 220 1103 255 conveniat.
1169 222 1294 256 oritur
1329 222 1368 256 in

184 302 346 350 regione
361 301 579 337 Armeniae
595 300 759 337 Maioris
775 300 886 338 fonte
900 304 1113 351 conspicuo
1127 305 1167 339 in
1180 302 1346 352 planitie
1360 315 1369 347 ;

182 383 268 420 loco
307 397 451 421 nomen
492 382 725 434 Elegosinil
767 390 842 428 est,
879 387 951 434 ipsi
987 398 1065 436 qua
1099 386 1250 423 tardior
1283 386 1369 424 fluit

185 470 353 521 Diglito,
382 470 490 508 unde
517 474 754 514 concitatur,
784 484 807 507 a
835 471 1047 510 celeritate
1075 472 1203 523 Tigris
1232 476 1369 524 incipit

183 560 423 594 vocari—ita
472 557 678 607 appellant
734 557 846 594 Medi
894 561 1099 609 sagittam.
1153 559 1282 597 influit
1330 562 1370 597 in

180 643 311 680 lacum
335 645 572 688 Aretissam,
595 648 729 681 omnia
752 645 879 682 inlata
901 645 1079 695 pondera
1102 649 1367 684 sustinentem

183 736 223 767 et
269 733 416 768 nitrum
462 730 616 768 nebulis
662 730 937 769 exhalantem.
993 745 1116 770 unum
1160 746 1286 784 genus
1331 736 1366 771 ei

182 819 347 866 piscium
371 823 446 861 est,
467 818 588 868 idque
611 821 919 856 transcurrentis
942 832 1020 856 non
1044 822 1234 857 miscetur
1254 820 1367 858 alveo

180 906 280 941 sicut
318 918 448 955 neque
485 918 507 942 e
541 905 649 956 Tigri
685 908 811 955 pisces
847 908 887 942 in
922 906 1052 943 lacum
1088 912 1365 951 transnatant;

103 994 163 1025 128
183 990 310 1028 fertur
344 998 481 1029 autem
518 997 559 1029 et
595 1006 709 1029 cursu
747 998 788 1029 et
824 992 956 1030 colore
991 993 1205 1037 dissimilis,
1240 999 1366 1031 trans-

181 1084 399 1128 vectusque
425 1085 658 1116 occurrente
685 1079 815 1116 Tauro
842 1086 979 1116 monte
1008 1082 1044 1116 in
1073 1093 1237 1129 specum
1266 1094 1365 1118 mer-

179 1167 288 1215 gitur
311 1165 530 1216 subterque
554 1166 687 1215 lapsus
713 1180 735 1202 a
760 1166 888 1204 latere
913 1167 1041 1204 altero
1067 1170 1151 1204 eius
1178 1170 1364 1217 erumpit.

178 1251 285 1288 locus
318 1259 480 1289 vocatur
510 1253 741 1297 Zoaranda3
788 1253 961 1290 eundem
992 1267 1078 1291 esse
1107 1253 1364 1291 manifestum

179 1345 239 1376 est
270 1339 374 1389 quod
405 1339 588 1376 demersa
618 1339 782 1390 perfert.
845 1340 1017 1377 alterum
1046 1341 1192 1378 deinde
1222 1344 1365 1378 transit

177 1425 306 1463 lacum
325 1430 390 1476 qui
407 1426 618 1477 Thespites
635 1427 864 1477 appellatur
880 1441 1092 1478 rursusque
1109 1430 1149 1464 in
1164 1428 1364 1465 cuniculos

178 1517 372 1563 mergitur
394 1520 434 1551 et
457 1520 545 1563 post
570 1516 653 1551 iffi
677 1527 714 1564 p.
737 1517 842 1551 circa
866 1514 1148 1565 Nymphaeum
1171 1515 1361 1552 redditur.

177 1606 261 1637 tam
282 1603 451 1637 vicinum
471 1602 667 1638 Arsaniae
686 1601 808 1638 fluere
829 1615 921 1638 eum
940 1604 978 1638 in
999 1605 1161 1651 regione
1180 1601 1364 1639 Archene

177 1687 367 1724 Claudius
413 1687 562 1725 Caesar
606 1694 744 1724 auctor
790 1694 864 1732 est,
911 1694 955 1725 ut
1000 1702 1089 1725 cum
1137 1691 1362 1726 intumuere

176 1774 377 1811 confluant
405 1788 476 1811 nec
502 1781 639 1811 tamen
665 1777 923 1818 misceantur,
947 1774 1150 1825 leviorque
1175 1775 1362 1812 Arsanias

176 1863 331 1898 innatet
350 1874 478 1898 mmmm
497 1861 621 1898 ferme
637 1865 781 1911 spatio,
798 1875 889 1898 mox
906 1862 1052 1899 divisus
1068 1864 1108 1898 in
1124 1860 1360 1912 Euphraten

481 1952 491 1970 ¹
519 1951 687 1983 Rackham
701 1964 707 1982 z
735 1951 920 1991 Elegosine.

175 2026 246 2061 434
