1515 2351
155 228 198 259 54

153 882 196 913 55

424 117 614 156 PLINY:
668 118 932 156 NATURAL
970 118 1208 156 HISTORY

226 223 334 260 urbis
350 222 563 259 Veientem
580 235 721 272 agrum
737 235 759 258 a
775 221 1047 266 Crustumino,
1062 221 1156 259 dein
1172 221 1411 260 Fidenatem

225 295 497 345 Latinumque
512 307 534 331 a
548 293 745 331 Vaticano
759 294 963 338 dirimens,
977 294 1048 331 sed
1062 293 1163 331 infra
1178 295 1411 332 Arretinum

224 368 384 404 Glanim
405 367 560 404 duobus
585 373 626 404 et
647 366 916 417 quadraginta
936 366 1063 404 fluviis
1087 373 1242 411 auctus,
1262 369 1412 417 praeci-

223 443 310 490 puis
331 446 468 476 autem
496 439 602 476 Nare
632 445 674 476 et
701 440 873 483 Aniene,
900 442 967 490 qui
995 445 1038 477 et
1065 442 1149 489 ipse
1176 439 1411 490 navigabilis

224 512 387 550 Latium
422 511 590 549 includit
625 525 648 548 a
683 518 814 562 tergo,
850 525 923 549 nec
958 514 1088 548 minus
1124 518 1263 548 tamen
1298 515 1411 562 aquis

222 599 268 623 ac
295 591 358 622 tot
387 584 564 621 fontibus
594 587 633 621 in
663 585 803 621 urbem
832 584 1051 634 perductis,
1080 590 1123 622 et
1152 584 1242 622 ideo
1271 597 1411 635 quam-

223 658 321 695 libet
341 670 578 707 magnarum
603 660 764 693 navium
790 670 839 694 ex
867 656 971 693 Italo
994 660 1092 693 mari
1117 670 1261 707 capax,
1280 669 1412 694 rerum

223 734 261 767 in
304 736 392 767 toto
434 730 530 766 orbe
574 732 824 766 nascentium
867 736 1067 767 mercator
1108 729 1412 780 placidissimus,

222 803 400 853 pluribus
429 815 553 852 prope
581 802 686 839 solus
715 816 836 852 quam
863 805 989 840 ceteri
1017 805 1057 838 in
1084 802 1268 840 omnibus
1295 805 1412 840 terris

224 888 361 912 amnes
377 874 569 912 accolitur
589 874 888 926 adspiciturque
909 875 1022 912 villis.
1077 875 1256 925 nullique
1278 874 1413 912 fluvio—

222 962 310 985 rum
343 950 474 985 minus
508 947 603 984 licet
638 947 798 984 inclusis
834 950 1038 998 utrimque
1072 947 1289 991 lateribus;
1338 960 1413 985 nec

220 1027 360 1058 tamen
394 1023 479 1070 ipse
514 1026 685 1070 pugnat,
720 1033 966 1070 quamquam
1000 1020 1141 1057 creber
1174 1033 1221 1057 ac
1255 1020 1411 1057 subitus

222 1095 477 1130 incrementis
508 1098 549 1129 et
578 1105 776 1143 nusquam
805 1095 933 1143 magis
963 1095 1076 1143 aquis
1106 1106 1228 1143 quam
1258 1095 1298 1129 in
1326 1095 1412 1142 ipsa

221 1166 319 1203 urbe
359 1165 654 1216 stagnantibus.
710 1168 807 1216 quin
847 1168 968 1202 immo
1008 1171 1120 1202 vates
1162 1164 1413 1216 intellegitur

220 1241 352 1288 potius
389 1251 434 1274 ac
471 1240 657 1282 monitor,
689 1245 810 1275 auctu
847 1251 1006 1287 semper
1042 1237 1248 1288 religiosus
1282 1240 1411 1275 verius

221 1324 340 1361 quam
359 1324 513 1347 saevus.

275 1383 437 1420 Latium
463 1383 688 1433 Antiquum
715 1398 737 1419 a
763 1384 895 1420 Tiberi
917 1383 1100 1420 Cerceios
1126 1389 1329 1420 servatum
1349 1389 1411 1420 est

221 1470 272 1492 m.
303 1469 340 1505 p.
371 1468 392 1491 L
420 1455 693 1506 longitudine:
738 1462 824 1493 tam
852 1462 996 1493 tenues
1024 1455 1240 1506 primordio
1269 1458 1409 1506 imperi

221 1528 333 1565 fuere
349 1527 514 1565 radices.
563 1528 711 1565 colonis
728 1541 849 1578 saepe
866 1531 1033 1565 mutatis
1050 1535 1219 1565 tenuere
1239 1527 1305 1564 alii
1322 1527 1409 1564 aliis

221 1601 484 1650 temporibus,
531 1600 785 1651 Aborigines,
825 1600 999 1651 Pelasgi,
1037 1600 1230 1645 Arcades,
1276 1599 1410 1644 Siculi,

220 1674 411 1717 Aurunci,
456 1673 608 1717 Rutuli,
653 1679 693 1710 et
738 1674 842 1711 ultra
887 1673 1070 1711 Cerceios
1115 1673 1259 1717 Volsci,
1303 1672 1411 1718 Osci,

220 1746 417 1790 Ausones,
459 1745 565 1783 unde
608 1759 754 1783 nomen
797 1745 889 1783 Lati
940 1749 1133 1796 processit
1187 1745 1238 1783 ad
1285 1745 1408 1782 Lirim

219 1831 391 1855 amnem.
447 1821 487 1854 in
519 1821 712 1868 principio
745 1825 806 1856 est
839 1818 956 1856 Ostia
986 1819 1142 1856 colonia
1173 1831 1196 1855 a
1230 1818 1409 1855 Romano

220 1903 314 1940 rege
361 1890 550 1934 deducta,
597 1891 788 1940 oppidum
837 1891 1100 1935 Laurentum,
1148 1890 1257 1927 lucus
1305 1890 1407 1927 Iovis

221 1961 431 2013 Indigetis,
463 1966 589 2000 amnis
623 1963 841 2008 Numicius,
873 1963 1010 2000 Ardea
1041 1977 1063 2000 a
1096 1963 1239 2000 Danae
1273 1962 1406 2000 Persei

222 2047 266 2079 4²
