<?xml version="1.0" encoding="UTF-8"?>
<!DOCTYPE html PUBLIC "-//W3C//DTD XHTML 1.0 Transitional//EN"
    "http://www.w3.org/TR/xhtml1/DTD/xhtml1-transitional.dtd">
<html xmlns="http://www.w3.org/1999/xhtml" xml:lang="en" lang="en">
 <head>
  <title>
</title>
<meta http-equiv="Content-Type" content="text/html;charset=utf-8" />
  <meta name='ocr-system' content='tesseract 3.04.00' />
  <meta name='ocr-capabilities' content='ocr_page ocr_carea ocr_par ocr_line ocrx_word'/>
</head>
<body>
  <div class='ocr_page' id='page_1' title='image "./naturalhistory02plinuoft/naturalhistory02plinuoft_0636.png"; bbox 0 0 1515 2351; ppageno 0'>
   <div class='ocr_carea' id='block_1_1' title="bbox 408 129 1194 168">
    <p class='ocr_par' dir='ltr' id='par_1_1' title="bbox 408 129 1194 168">
     <span class='ocr_line' id='line_1_1' title="bbox 408 129 1194 168; baseline -0.001 -1"><span class='ocrx_word' id='word_1_1' title='bbox 408 130 600 168; x_wconf 81' lang='lat' dir='ltr'>PLINY:</span> <span class='ocrx_word' id='word_1_2' title='bbox 652 130 918 168; x_wconf 87' lang='lat' dir='ltr'>NATURAL</span> <span class='ocrx_word' id='word_1_3' title='bbox 955 129 1194 168; x_wconf 89' lang='lat' dir='ltr'>HISTORY</span> 
     </span>
    </p>
   </div>
   <div class='ocr_carea' id='block_1_2' title="bbox 125 233 1405 2024">
    <p class='ocr_par' dir='ltr' id='par_1_2' title="bbox 210 233 1401 402">
     <span class='ocr_line' id='line_1_2' title="bbox 210 233 1401 286; baseline -0.002 -12"><span class='ocrx_word' id='word_1_4' title='bbox 210 236 339 274; x_wconf 90' lang='lat' dir='ltr'>dianis</span> <span class='ocrx_word' id='word_1_5' title='bbox 358 236 542 286; x_wconf 88' lang='lat' dir='ltr'>partibus</span> <span class='ocrx_word' id='word_1_6' title='bbox 556 233 608 272; x_wconf 91' lang='lat' dir='ltr'>ad</span> <span class='ocrx_word' id='word_1_7' title='bbox 623 246 809 272; x_wconf 77' lang='lat' dir='ltr'>occasum</span> <span class='ocrx_word' id='word_1_8' title='bbox 828 234 921 271; x_wconf 87' lang='lat' dir='ltr'>solis</span> <span class='ocrx_word' id='word_1_9' title='bbox 941 233 1218 285; x_wconf 86' lang='lat' dir='ltr'><strong>pestilentiam</strong></span> <span class='ocrx_word' id='word_1_10' title='bbox 1240 246 1401 285; x_wconf 88' lang='lat' dir='ltr'>semper</span> 
     </span>
     <span class='ocr_line' id='line_1_3' title="bbox 212 298 1399 350; baseline -0.003 -13"><span class='ocrx_word' id='word_1_11' title='bbox 212 302 269 337; x_wconf 90' lang='lat' dir='ltr'>ire</span> <span class='ocrx_word' id='word_1_12' title='bbox 290 313 364 337; x_wconf 89' lang='lat' dir='ltr'>nec</span> <span class='ocrx_word' id='word_1_13' title='bbox 385 312 576 350; x_wconf 90' lang='lat' dir='ltr'>umquam</span> <span class='ocrx_word' id='word_1_14' title='bbox 597 298 716 336; x_wconf 87' lang='lat' dir='ltr'>aliter</span> <span class='ocrx_word' id='word_1_15' title='bbox 731 299 924 343; x_wconf 83' lang='lat' dir='ltr'>fere‚non</span> <span class='ocrx_word' id='word_1_16' title='bbox 945 298 1092 343; x_wconf 89' lang='lat' dir='ltr'>hieme,</span> <span class='ocrx_word' id='word_1_17' title='bbox 1112 311 1187 336; x_wconf 91' lang='lat' dir='ltr'>nec</span> <span class='ocrx_word' id='word_1_18' title='bbox 1201 303 1247 336; x_wconf 87' lang='lat' dir='ltr'>ut</span> <span class='ocrx_word' id='word_1_19' title='bbox 1263 304 1399 336; x_wconf 89' lang='lat' dir='ltr'>ternos</span> 
     </span>
     <span class='ocr_line' id='line_1_4' title="bbox 214 365 581 402; baseline -0.003 -1"><span class='ocrx_word' id='word_1_20' title='bbox 214 365 389 402; x_wconf 80' lang='lat' dir='ltr'>excedat</span> <span class='ocrx_word' id='word_1_21' title='bbox 409 375 581 400; x_wconf 89' lang='lat' dir='ltr'>menses.</span> 
     </span>
    </p>

    <p class='ocr_par' dir='ltr' id='par_1_3' title="bbox 127 426 1404 1185">
     <span class='ocr_line' id='line_1_5' title="bbox 127 426 1400 478; baseline 0.001 -15"><span class='ocrx_word' id='word_1_22' title='bbox 127 434 184 464; x_wconf 86' lang='lat'>171</span> <span class='ocrx_word' id='word_1_23' title='bbox 265 427 332 465; x_wconf 94' lang='lat' dir='ltr'>LI.</span> <span class='ocrx_word' id='word_1_24' title='bbox 367 427 455 465; x_wconf 87' lang='lat' dir='ltr'>Iam</span> <span class='ocrx_word' id='word_1_25' title='bbox 493 430 608 478; x_wconf 85' lang='lat' dir='ltr'>signa</span> <span class='ocrx_word' id='word_1_26' title='bbox 647 426 807 465; x_wconf 88' lang='lat' dir='ltr'>letalia:</span> <span class='ocrx_word' id='word_1_27' title='bbox 835 429 876 464; x_wconf 89' lang='lat' dir='ltr'>in</span> <span class='ocrx_word' id='word_1_28' title='bbox 911 426 1053 464; x_wconf 90' lang='lat' dir='ltr'>furoris</span> <span class='ocrx_word' id='word_1_29' title='bbox 1087 427 1226 465; x_wconf 91' lang='lat' dir='ltr'>morbo</span> <span class='ocrx_word' id='word_1_30' title='bbox 1264 429 1400 472; x_wconf 90' lang='lat' dir='ltr'>risum,</span> 
     </span>
     <span class='ocr_line' id='line_1_6' title="bbox 210 490 1401 543; baseline -0.002 -13"><span class='ocrx_word' id='word_1_31' title='bbox 210 495 436 543; x_wconf 89' lang='lat' dir='ltr'>sapientiae</span> <span class='ocrx_word' id='word_1_32' title='bbox 474 504 568 529; x_wconf 91' lang='lat' dir='ltr'>vero</span> <span class='ocrx_word' id='word_1_33' title='bbox 605 490 859 541; x_wconf 85' lang='lat' dir='ltr'>aegritudine</span> <span class='ocrx_word' id='word_1_34' title='bbox 897 491 1143 528; x_wconf 86' lang='lat' dir='ltr'>fimbriarum</span> <span class='ocrx_word' id='word_1_35' title='bbox 1181 505 1316 529; x_wconf 82' lang='lat' dir='ltr'>curam</span> <span class='ocrx_word' id='word_1_36' title='bbox 1358 496 1401 528; x_wconf 86' lang='lat' dir='ltr'>et</span> 
     </span>
     <span class='ocr_line' id='line_1_7' title="bbox 210 555 1401 606; baseline -0.002 -12"><span class='ocrx_word' id='word_1_37' title='bbox 210 557 415 606; x_wconf 81' lang='lat' dir='ltr'>stragulae</span> <span class='ocrx_word' id='word_1_38' title='bbox 453 559 577 594; x_wconf 83' lang='lat' dir='ltr'>vestis</span> <span class='ocrx_word' id='word_1_39' title='bbox 624 555 853 605; x_wconf 75' lang='lat' dir='ltr'>plicateras,</span> <span class='ocrx_word' id='word_1_40' title='bbox 897 568 921 592; x_wconf 88' lang='lat' dir='ltr'>a</span> <span class='ocrx_word' id='word_1_41' title='bbox 964 568 1105 593; x_wconf 89' lang='lat' dir='ltr'>somno</span> <span class='ocrx_word' id='word_1_42' title='bbox 1149 558 1401 593; x_wconf 88' lang='lat' dir='ltr'>moventium</span> 
     </span>
     <span class='ocr_line' id='line_1_8' title="bbox 210 619 1401 672; baseline -0.002 -14"><span class='ocrx_word' id='word_1_43' title='bbox 210 622 457 671; x_wconf 88' lang='lat' dir='ltr'>neglectum,</span> <span class='ocrx_word' id='word_1_44' title='bbox 483 620 697 672; x_wconf 84' lang='lat' dir='ltr'>praefandi</span> <span class='ocrx_word' id='word_1_45' title='bbox 736 622 884 656; x_wconf 88' lang='lat' dir='ltr'>umoris</span> <span class='ocrx_word' id='word_1_46' title='bbox 923 632 946 657; x_wconf 93' lang='lat' dir='ltr'>e</span> <span class='ocrx_word' id='word_1_47' title='bbox 982 632 1149 669; x_wconf 88' lang='lat' dir='ltr'>corpore</span> <span class='ocrx_word' id='word_1_48' title='bbox 1186 619 1401 662; x_wconf 77' lang='lat' dir='ltr'>effluvium,</span> 
     </span>
     <span class='ocr_line' id='line_1_9' title="bbox 210 683 1401 736; baseline -0.002 -14"><span class='ocrx_word' id='word_1_49' title='bbox 210 689 250 723; x_wconf 90' lang='lat' dir='ltr'>in</span> <span class='ocrx_word' id='word_1_50' title='bbox 281 685 487 722; x_wconf 91' lang='lat' dir='ltr'>oculorum</span> <span class='ocrx_word' id='word_1_51' title='bbox 518 684 683 736; x_wconf 90' lang='lat' dir='ltr'>quidem</span> <span class='ocrx_word' id='word_1_52' title='bbox 716 689 759 721; x_wconf 92' lang='lat' dir='ltr'>et</span> <span class='ocrx_word' id='word_1_53' title='bbox 790 686 946 721; x_wconf 90' lang='lat' dir='ltr'>narium</span> <span class='ocrx_word' id='word_1_54' title='bbox 977 689 1143 734; x_wconf 87' lang='lat' dir='ltr'>aspectu</span> <span class='ocrx_word' id='word_1_55' title='bbox 1173 683 1401 721; x_wconf 88' lang='lat' dir='ltr'>indubitata</span> 
     </span>
     <span class='ocr_line' id='line_1_10' title="bbox 210 748 1402 800; baseline -0.001 -14"><span class='ocrx_word' id='word_1_56' title='bbox 210 753 400 794; x_wconf 82' lang='lat' dir='ltr'>maxime,</span> <span class='ocrx_word' id='word_1_57' title='bbox 455 755 579 800; x_wconf 87' lang='lat' dir='ltr'>atque</span> <span class='ocrx_word' id='word_1_58' title='bbox 637 752 762 786; x_wconf 87' lang='lat' dir='ltr'>etiam</span> <span class='ocrx_word' id='word_1_59' title='bbox 818 751 959 798; x_wconf 85' lang='lat' dir='ltr'>supino</span> <span class='ocrx_word' id='word_1_60' title='bbox 1021 748 1187 786; x_wconf 86' lang='lat' dir='ltr'>adsidue</span> <span class='ocrx_word' id='word_1_61' title='bbox 1249 748 1402 794; x_wconf 91' lang='lat' dir='ltr'>cubitu,</span> 
     </span>
     <span class='ocr_line' id='line_1_11' title="bbox 211 812 1403 863; baseline 0 -13"><span class='ocrx_word' id='word_1_62' title='bbox 211 827 403 851; x_wconf 89' lang='lat' dir='ltr'>venarum</span> <span class='ocrx_word' id='word_1_63' title='bbox 426 813 668 862; x_wconf 87' lang='lat' dir='ltr'>inaequabili</span> <span class='ocrx_word' id='word_1_64' title='bbox 695 819 765 849; x_wconf 89' lang='lat' dir='ltr'>aut</span> <span class='ocrx_word' id='word_1_65' title='bbox 791 812 1029 850; x_wconf 83' lang='lat' dir='ltr'>formicante</span> <span class='ocrx_word' id='word_1_66' title='bbox 1058 825 1262 862; x_wconf 88' lang='lat' dir='ltr'>percussu,</span> <span class='ocrx_word' id='word_1_67' title='bbox 1281 825 1403 863; x_wconf 90' lang='lat' dir='ltr'>quae-</span> 
     </span>
     <span class='ocr_line' id='line_1_12' title="bbox 212 877 1403 928; baseline 0 -13"><span class='ocrx_word' id='word_1_68' title='bbox 212 891 290 928; x_wconf 92' lang='lat' dir='ltr'>que</span> <span class='ocrx_word' id='word_1_69' title='bbox 324 877 402 914; x_wconf 88' lang='lat' dir='ltr'>alia</span> <span class='ocrx_word' id='word_1_70' title='bbox 442 877 678 927; x_wconf 85' lang='lat' dir='ltr'>Hippocrati</span> <span class='ocrx_word' id='word_1_71' title='bbox 721 880 888 927; x_wconf 89' lang='lat' dir='ltr'>principi</span> <span class='ocrx_word' id='word_1_72' title='bbox 930 877 1153 915; x_wconf 85' lang='lat' dir='ltr'>medicinae</span> <span class='ocrx_word' id='word_1_73' title='bbox 1190 877 1403 915; x_wconf 84' lang='lat' dir='ltr'>observata</span> 
     </span>
     <span class='ocr_line' id='line_1_13' title="bbox 211 941 1403 992; baseline 0 -13"><span class='ocrx_word' id='word_1_74' title='bbox 211 948 317 979; x_wconf 89' lang='lat' dir='ltr'>sunt.</span> <span class='ocrx_word' id='word_1_75' title='bbox 384 947 427 979; x_wconf 90' lang='lat' dir='ltr'>et</span> <span class='ocrx_word' id='word_1_76' title='bbox 468 955 560 978; x_wconf 92' lang='lat' dir='ltr'>cum</span> <span class='ocrx_word' id='word_1_77' title='bbox 607 941 915 979; x_wconf 87' lang='lat' dir='ltr'>innumerabilia</span> <span class='ocrx_word' id='word_1_78' title='bbox 960 945 1041 979; x_wconf 89' lang='lat' dir='ltr'>sint</span> <span class='ocrx_word' id='word_1_79' title='bbox 1088 945 1229 979; x_wconf 90' lang='lat' dir='ltr'>mortis</span> <span class='ocrx_word' id='word_1_80' title='bbox 1275 944 1403 992; x_wconf 83' lang='lat' dir='ltr'>signa,</span> 
     </span>
     <span class='ocr_line' id='line_1_14' title="bbox 211 1006 1403 1057; baseline 0 -14"><span class='ocrx_word' id='word_1_81' title='bbox 211 1007 350 1044; x_wconf 91' lang='lat' dir='ltr'>salutis</span> <span class='ocrx_word' id='word_1_82' title='bbox 411 1009 721 1056; x_wconf 84' lang='lat' dir='ltr'>securitatisque</span> <span class='ocrx_word' id='word_1_83' title='bbox 779 1006 889 1043; x_wconf 90' lang='lat' dir='ltr'>nulla</span> <span class='ocrx_word' id='word_1_84' title='bbox 946 1011 1054 1051; x_wconf 88' lang='lat' dir='ltr'>sunt,</span> <span class='ocrx_word' id='word_1_85' title='bbox 1112 1009 1261 1057; x_wconf 89' lang='lat' dir='ltr'>quippe</span> <span class='ocrx_word' id='word_1_86' title='bbox 1312 1019 1403 1044; x_wconf 90' lang='lat' dir='ltr'>cum</span> 
     </span>
     <span class='ocr_line' id='line_1_15' title="bbox 211 1070 1404 1122; baseline 0 -14"><span class='ocrx_word' id='word_1_87' title='bbox 211 1074 412 1109; x_wconf 91' lang='lat' dir='ltr'>censorius</span> <span class='ocrx_word' id='word_1_88' title='bbox 441 1070 542 1108; x_wconf 92' lang='lat' dir='ltr'>Cato</span> <span class='ocrx_word' id='word_1_89' title='bbox 568 1070 621 1108; x_wconf 87' lang='lat' dir='ltr'>ad</span> <span class='ocrx_word' id='word_1_90' title='bbox 646 1070 770 1107; x_wconf 85' lang='lat' dir='ltr'>filium</span> <span class='ocrx_word' id='word_1_91' title='bbox 797 1070 847 1108; x_wconf 90' lang='lat' dir='ltr'>de</span> <span class='ocrx_word' id='word_1_92' title='bbox 864 1070 1001 1108; x_wconf 88' lang='lat' dir='ltr'>validis</span> <span class='ocrx_word' id='word_1_93' title='bbox 1029 1084 1188 1122; x_wconf 90' lang='lat' dir='ltr'>quoque</span> <span class='ocrx_word' id='word_1_94' title='bbox 1218 1071 1404 1108; x_wconf 87' lang='lat' dir='ltr'>observa-</span> 
     </span>
     <span class='ocr_line' id='line_1_16' title="bbox 211 1135 1402 1185; baseline 0.001 -13"><span class='ocrx_word' id='word_1_95' title='bbox 211 1139 364 1173; x_wconf 82' lang='lat' dir='ltr'>tionem</span> <span class='ocrx_word' id='word_1_96' title='bbox 406 1141 452 1172; x_wconf 88' lang='lat' dir='ltr'>ut</span> <span class='ocrx_word' id='word_1_97' title='bbox 495 1147 545 1172; x_wconf 86' lang='lat' dir='ltr'>ex</span> <span class='ocrx_word' id='word_1_98' title='bbox 593 1135 752 1172; x_wconf 83' lang='lat' dir='ltr'>oraculo</span> <span class='ocrx_word' id='word_1_99' title='bbox 794 1135 927 1185; x_wconf 89' lang='lat' dir='ltr'>aliquo</span> <span class='ocrx_word' id='word_1_100' title='bbox 970 1135 1195 1185; x_wconf 81' lang='lat' dir='ltr'>prodiderit</span> <span class='ocrx_word' id='word_1_101' title='bbox 1235 1135 1402 1173; x_wconf 89' lang='lat' dir='ltr'>senilem</span> 
     </span>
    </p>

    <p class='ocr_par' dir='ltr' id='par_1_4' title="bbox 125 1202 1405 1702">
     <span class='ocr_line' id='line_1_17' title="bbox 125 1202 1404 1251; baseline 0 -14"><span class='ocrx_word' id='word_1_102' title='bbox 125 1204 190 1237; x_wconf 85' lang='lat'>172</span> <span class='ocrx_word' id='word_1_103' title='bbox 214 1203 419 1237; x_wconf 84' lang='lat' dir='ltr'>iuventam</span> <span class='ocrx_word' id='word_1_104' title='bbox 455 1205 737 1249; x_wconf 86' lang='lat' dir='ltr'>praematurae</span> <span class='ocrx_word' id='word_1_105' title='bbox 772 1202 913 1236; x_wconf 88' lang='lat' dir='ltr'>mortis</span> <span class='ocrx_word' id='word_1_106' title='bbox 950 1212 1037 1237; x_wconf 88' lang='lat' dir='ltr'>esse</span> <span class='ocrx_word' id='word_1_107' title='bbox 1072 1202 1243 1251; x_wconf 89' lang='lat' dir='ltr'>signum.</span> <span class='ocrx_word' id='word_1_108' title='bbox 1302 1213 1404 1237; x_wconf 90' lang='lat' dir='ltr'>mor—</span> 
     </span>
     <span class='ocr_line' id='line_1_18' title="bbox 212 1263 1403 1315; baseline 0.001 -14"><span class='ocrx_word' id='word_1_109' title='bbox 212 1265 355 1301; x_wconf 87' lang='lat' dir='ltr'>borum</span> <span class='ocrx_word' id='word_1_110' title='bbox 375 1277 469 1301; x_wconf 83' lang='lat' dir='ltr'>vero</span> <span class='ocrx_word' id='word_1_111' title='bbox 487 1270 572 1300; x_wconf 91' lang='lat' dir='ltr'>tam</span> <span class='ocrx_word' id='word_1_112' title='bbox 592 1263 747 1300; x_wconf 81' lang='lat' dir='ltr'>infinita</span> <span class='ocrx_word' id='word_1_113' title='bbox 767 1269 828 1300; x_wconf 90' lang='lat' dir='ltr'>est</span> <span class='ocrx_word' id='word_1_114' title='bbox 848 1263 1067 1301; x_wconf 85' lang='lat' dir='ltr'>multitudo</span> <span class='ocrx_word' id='word_1_115' title='bbox 1086 1270 1131 1301; x_wconf 89' lang='lat' dir='ltr'>ut</span> <span class='ocrx_word' id='word_1_116' title='bbox 1151 1263 1403 1315; x_wconf 86' lang='lat' dir='ltr'>Pherecydes</span> 
     </span>
     <span class='ocr_line' id='line_1_19' title="bbox 212 1327 1405 1379; baseline 0.001 -14"><span class='ocrx_word' id='word_1_117' title='bbox 212 1328 348 1379; x_wconf 73' lang='lat' dir='ltr'>Syrius</span> <span class='ocrx_word' id='word_1_118' title='bbox 367 1331 618 1378; x_wconf 89' lang='lat' dir='ltr'>serpentium</span> <span class='ocrx_word' id='word_1_119' title='bbox 635 1327 896 1365; x_wconf 90' lang='lat' dir='ltr'>multitudine</span> <span class='ocrx_word' id='word_1_120' title='bbox 917 1341 966 1365; x_wconf 87' lang='lat' dir='ltr'>ex</span> <span class='ocrx_word' id='word_1_121' title='bbox 985 1341 1152 1379; x_wconf 88' lang='lat' dir='ltr'>corpore</span> <span class='ocrx_word' id='word_1_122' title='bbox 1172 1331 1255 1366; x_wconf 90' lang='lat' dir='ltr'>eius</span> <span class='ocrx_word' id='word_1_123' title='bbox 1274 1341 1405 1366; x_wconf 90' lang='lat' dir='ltr'>erum-</span> 
     </span>
     <span class='ocr_line' id='line_1_20' title="bbox 212 1391 1405 1443; baseline 0 -13"><span class='ocrx_word' id='word_1_124' title='bbox 212 1399 336 1443; x_wconf 84' lang='lat' dir='ltr'>pente</span> <span class='ocrx_word' id='word_1_125' title='bbox 366 1395 623 1442; x_wconf 84' lang='lat' dir='ltr'>expiraverit.</span> <span class='ocrx_word' id='word_1_126' title='bbox 679 1391 917 1443; x_wconf 89' lang='lat' dir='ltr'>quibusdam</span> <span class='ocrx_word' id='word_1_127' title='bbox 946 1399 1146 1443; x_wconf 88' lang='lat' dir='ltr'>perpetua</span> <span class='ocrx_word' id='word_1_128' title='bbox 1175 1392 1298 1430; x_wconf 84' lang='lat' dir='ltr'>febris</span> <span class='ocrx_word' id='word_1_129' title='bbox 1328 1399 1405 1437; x_wconf 89' lang='lat' dir='ltr'>est,</span> 
     </span>
     <span class='ocr_line' id='line_1_21' title="bbox 211 1456 1404 1507; baseline 0 -13"><span class='ocrx_word' id='word_1_130' title='bbox 211 1460 314 1494; x_wconf 87' lang='lat' dir='ltr'>sicut</span> <span class='ocrx_word' id='word_1_131' title='bbox 343 1456 386 1494; x_wconf 92' lang='lat' dir='ltr'>C.</span> <span class='ocrx_word' id='word_1_132' title='bbox 419 1457 672 1501; x_wconf 83' lang='lat' dir='ltr'>Maecenati3</span> <span class='ocrx_word' id='word_1_133' title='bbox 716 1457 848 1494; x_wconf 90' lang='lat' dir='ltr'>eidem</span> <span class='ocrx_word' id='word_1_134' title='bbox 875 1460 1051 1494; x_wconf 87' lang='lat' dir='ltr'>triennio</span> <span class='ocrx_word' id='word_1_135' title='bbox 1077 1470 1268 1507; x_wconf 89' lang='lat' dir='ltr'>supremo</span> <span class='ocrx_word' id='word_1_136' title='bbox 1295 1457 1404 1495; x_wconf 91' lang='lat' dir='ltr'>nullo</span> 
     </span>
     <span class='ocr_line' id='line_1_22' title="bbox 214 1521 1403 1572; baseline 0.001 -14"><span class='ocrx_word' id='word_1_137' title='bbox 214 1521 336 1559; x_wconf 84' lang='lat' dir='ltr'>horae</span> <span class='ocrx_word' id='word_1_138' title='bbox 352 1526 559 1559; x_wconf 87' lang='lat' dir='ltr'>momento</span> <span class='ocrx_word' id='word_1_139' title='bbox 574 1523 745 1572; x_wconf 85' lang='lat' dir='ltr'>contigit</span> <span class='ocrx_word' id='word_1_140' title='bbox 759 1534 934 1558; x_wconf 88' lang='lat' dir='ltr'>somnus.</span> <span class='ocrx_word' id='word_1_141' title='bbox 990 1522 1208 1571; x_wconf 86' lang='lat' dir='ltr'>Antipater</span> <span class='ocrx_word' id='word_1_142' title='bbox 1221 1521 1403 1559; x_wconf 90' lang='lat' dir='ltr'>Sidonius</span> 
     </span>
     <span class='ocr_line' id='line_1_23' title="bbox 214 1585 1405 1636; baseline 0.002 -14"><span class='ocrx_word' id='word_1_143' title='bbox 214 1592 335 1636; x_wconf 89' lang='lat' dir='ltr'>poeta</span> <span class='ocrx_word' id='word_1_144' title='bbox 357 1587 539 1623; x_wconf 90' lang='lat' dir='ltr'>omnibus</span> <span class='ocrx_word' id='word_1_145' title='bbox 563 1589 675 1622; x_wconf 87' lang='lat' dir='ltr'>annis</span> <span class='ocrx_word' id='word_1_146' title='bbox 699 1599 777 1622; x_wconf 90' lang='lat' dir='ltr'>uno</span> <span class='ocrx_word' id='word_1_147' title='bbox 799 1585 865 1623; x_wconf 90' lang='lat' dir='ltr'>die</span> <span class='ocrx_word' id='word_1_148' title='bbox 886 1592 1048 1623; x_wconf 89' lang='lat' dir='ltr'>tantum</span> <span class='ocrx_word' id='word_1_149' title='bbox 1070 1585 1195 1623; x_wconf 84' lang='lat' dir='ltr'>natali</span> <span class='ocrx_word' id='word_1_150' title='bbox 1216 1589 1405 1636; x_wconf 82' lang='lat' dir='ltr'>corripie—</span> 
     </span>
     <span class='ocr_line' id='line_1_24' title="bbox 213 1649 1402 1702; baseline 0.002 -16"><span class='ocrx_word' id='word_1_151' title='bbox 213 1650 333 1687; x_wconf 85' lang='lat' dir='ltr'>batur</span> <span class='ocrx_word' id='word_1_152' title='bbox 351 1649 465 1687; x_wconf 89' lang='lat' dir='ltr'>febre</span> <span class='ocrx_word' id='word_1_153' title='bbox 485 1656 527 1687; x_wconf 87' lang='lat' dir='ltr'>et</span> <span class='ocrx_word' id='word_1_154' title='bbox 547 1662 595 1687; x_wconf 92' lang='lat' dir='ltr'>eo</span> <span class='ocrx_word' id='word_1_155' title='bbox 613 1655 873 1700; x_wconf 89' lang='lat' dir='ltr'>consumptus</span> <span class='ocrx_word' id='word_1_156' title='bbox 894 1656 956 1687; x_wconf 90' lang='lat' dir='ltr'>est</span> <span class='ocrx_word' id='word_1_157' title='bbox 974 1653 1070 1687; x_wconf 82' lang='lat' dir='ltr'>satis</span> <span class='ocrx_word' id='word_1_158' title='bbox 1089 1649 1208 1702; x_wconf 86' lang='lat' dir='ltr'>longa</span> <span class='ocrx_word' id='word_1_159' title='bbox 1226 1655 1402 1688; x_wconf 86' lang='lat' dir='ltr'>senecta.</span> 
     </span>
    </p>

    <p class='ocr_par' dir='ltr' id='par_1_5' title="bbox 129 1713 1404 2024">
     <span class='ocr_line' id='line_1_25' title="bbox 129 1713 1404 1766; baseline 0.002 -16"><span class='ocrx_word' id='word_1_160' title='bbox 129 1719 190 1750; x_wconf 81' lang='grc'>173</span> <span class='ocrx_word' id='word_1_161' title='bbox 268 1714 358 1751; x_wconf 93' lang='lat' dir='ltr'>LII.</span> <span class='ocrx_word' id='word_1_162' title='bbox 390 1713 532 1751; x_wconf 86' lang='lat' dir='ltr'>Aviola</span> <span class='ocrx_word' id='word_1_163' title='bbox 550 1714 766 1751; x_wconf 88' lang='lat' dir='ltr'>consularis</span> <span class='ocrx_word' id='word_1_164' title='bbox 788 1717 828 1750; x_wconf 91' lang='lat' dir='ltr'>in</span> <span class='ocrx_word' id='word_1_165' title='bbox 847 1727 944 1765; x_wconf 88' lang='lat' dir='ltr'>rogo</span> <span class='ocrx_word' id='word_1_166' title='bbox 964 1717 1110 1752; x_wconf 85' lang='lat' dir='ltr'>revixit</span> <span class='ocrx_word' id='word_1_167' title='bbox 1140 1721 1196 1759; x_wconf 89' lang='lat' dir='ltr'>et,</span> <span class='ocrx_word' id='word_1_168' title='bbox 1216 1717 1404 1766; x_wconf 90' lang='lat' dir='ltr'>quoniam</span> 
     </span>
     <span class='ocr_line' id='line_1_26' title="bbox 213 1778 1402 1828; baseline 0.002 -13"><span class='ocrx_word' id='word_1_169' title='bbox 213 1779 414 1815; x_wconf 91' lang='lat' dir='ltr'>subveniri</span> <span class='ocrx_word' id='word_1_170' title='bbox 450 1791 528 1815; x_wconf 92' lang='lat' dir='ltr'>non</span> <span class='ocrx_word' id='word_1_171' title='bbox 563 1784 754 1828; x_wconf 86' lang='lat' dir='ltr'>potuerat</span> <span class='ocrx_word' id='word_1_172' title='bbox 788 1778 1049 1828; x_wconf 87' lang='lat' dir='ltr'>praevalente</span> <span class='ocrx_word' id='word_1_173' title='bbox 1085 1778 1260 1824; x_wconf 89' lang='lat' dir='ltr'>flamma,</span> <span class='ocrx_word' id='word_1_174' title='bbox 1294 1782 1402 1817; x_wconf 87' lang='lat' dir='ltr'>vivus</span> 
     </span>
     <span class='ocr_line' id='line_1_27' title="bbox 213 1842 1404 1893; baseline 0.001 -13"><span class='ocrx_word' id='word_1_175' title='bbox 213 1849 414 1880; x_wconf 88' lang='lat' dir='ltr'>crematus</span> <span class='ocrx_word' id='word_1_176' title='bbox 443 1849 518 1879; x_wconf 89' lang='lat' dir='ltr'>est.</span> <span class='ocrx_word' id='word_1_177' title='bbox 572 1842 710 1879; x_wconf 90' lang='lat' dir='ltr'>similis</span> <span class='ocrx_word' id='word_1_178' title='bbox 738 1856 858 1879; x_wconf 88' lang='lat' dir='ltr'>causa</span> <span class='ocrx_word' id='word_1_179' title='bbox 886 1846 927 1879; x_wconf 89' lang='lat' dir='ltr'>in</span> <span class='ocrx_word' id='word_1_180' title='bbox 956 1842 1000 1880; x_wconf 95' lang='lat' dir='ltr'>L.</span> <span class='ocrx_word' id='word_1_181' title='bbox 1033 1842 1173 1880; x_wconf 86' lang='lat' dir='ltr'>Lamia</span> <span class='ocrx_word' id='word_1_182' title='bbox 1199 1847 1404 1893; x_wconf 88' lang='lat' dir='ltr'>praetorio</span> 
     </span>
     <span class='ocr_line' id='line_1_28' title="bbox 215 1906 1404 1958; baseline 0.002 -15"><span class='ocrx_word' id='word_1_183' title='bbox 215 1911 298 1944; x_wconf 91' lang='lat' dir='ltr'>viro</span> <span class='ocrx_word' id='word_1_184' title='bbox 322 1907 519 1951; x_wconf 82' lang='lat' dir='ltr'>traditur3</span> <span class='ocrx_word' id='word_1_185' title='bbox 558 1919 650 1943; x_wconf 90' lang='lat' dir='ltr'>nam</span> <span class='ocrx_word' id='word_1_186' title='bbox 677 1906 720 1944; x_wconf 91' lang='lat' dir='ltr'>C.</span> <span class='ocrx_word' id='word_1_187' title='bbox 747 1907 908 1944; x_wconf 83' lang='lat' dir='ltr'>Aelium</span> <span class='ocrx_word' id='word_1_188' title='bbox 933 1907 1189 1945; x_wconf 90' lang='lat' dir='ltr'>Tuberonem</span> <span class='ocrx_word' id='word_1_189' title='bbox 1213 1913 1404 1958; x_wconf 87' lang='lat' dir='ltr'>praetura</span> 
     </span>
     <span class='ocr_line' id='line_1_29' title="bbox 215 1970 1403 2024; baseline 0.002 -16"><span class='ocrx_word' id='word_1_190' title='bbox 215 1971 397 2008; x_wconf 81' lang='lat' dir='ltr'>functum</span> <span class='ocrx_word' id='word_1_191' title='bbox 424 1984 448 2008; x_wconf 88' lang='lat' dir='ltr'>a</span> <span class='ocrx_word' id='word_1_192' title='bbox 471 1983 569 2022; x_wconf 84' lang='lat' dir='ltr'>rogo</span> <span class='ocrx_word' id='word_1_193' title='bbox 594 1970 768 2008; x_wconf 90' lang='lat' dir='ltr'>relatum</span> <span class='ocrx_word' id='word_1_194' title='bbox 797 1971 974 2008; x_wconf 87' lang='lat' dir='ltr'>Messala</span> <span class='ocrx_word' id='word_1_195' title='bbox 1001 1970 1126 2008; x_wconf 87' lang='lat' dir='ltr'>Rufus</span> <span class='ocrx_word' id='word_1_196' title='bbox 1154 1978 1196 2009; x_wconf 89' lang='lat' dir='ltr'>et</span> <span class='ocrx_word' id='word_1_197' title='bbox 1221 1971 1403 2024; x_wconf 89' lang='lat' dir='ltr'>plerique</span> 
     </span>
    </p>
   </div>
   <div class='ocr_carea' id='block_1_3' title="bbox 218 2052 290 2088">
    <p class='ocr_par' dir='ltr' id='par_1_6' title="bbox 218 2052 290 2088">
     <span class='ocr_line' id='line_1_30' title="bbox 218 2052 290 2088; baseline 0 0"><span class='ocrx_word' id='word_1_198' title='bbox 218 2052 290 2088; x_wconf 89' lang='lat'>620</span> 
     </span>
    </p>
   </div>
  </div>
 </body>
</html>
