<?xml version="1.0" encoding="UTF-8"?>
<!DOCTYPE html PUBLIC "-//W3C//DTD XHTML 1.0 Transitional//EN"
    "http://www.w3.org/TR/xhtml1/DTD/xhtml1-transitional.dtd">
<html xmlns="http://www.w3.org/1999/xhtml" xml:lang="en" lang="en">
 <head>
  <title>
</title>
<meta http-equiv="Content-Type" content="text/html;charset=utf-8" />
  <meta name='ocr-system' content='tesseract 3.04.00' />
  <meta name='ocr-capabilities' content='ocr_page ocr_carea ocr_par ocr_line ocrx_word'/>
</head>
<body>
  <div class='ocr_page' id='page_1' title='image "./naturalhistory02plinuoft/naturalhistory02plinuoft_0102.png"; bbox 0 0 1515 2351; ppageno 0'>
   <div class='ocr_carea' id='block_1_1' title="bbox 163 232 223 263">
    <p class='ocr_par' dir='ltr' id='par_1_1' title="bbox 163 232 223 263">
     <span class='ocr_line' id='line_1_1' title="bbox 163 232 223 263; baseline -0.017 0"><span class='ocrx_word' id='word_1_1' title='bbox 163 232 223 263; x_wconf 90' lang='lat'>117</span> 
     </span>
    </p>
   </div>
   <div class='ocr_carea' id='block_1_2' title="bbox 162 725 222 758">
    <p class='ocr_par' dir='ltr' id='par_1_2' title="bbox 162 725 222 758">
     <span class='ocr_line' id='line_1_2' title="bbox 162 725 222 758; baseline 0.033 -2"><span class='ocrx_word' id='word_1_2' title='bbox 162 725 222 758; x_wconf 89' lang='grc'>118</span> 
     </span>
    </p>
   </div>
   <div class='ocr_carea' id='block_1_3' title="bbox 162 1282 221 1313">
    <p class='ocr_par' dir='ltr' id='par_1_3' title="bbox 162 1282 221 1313">
     <span class='ocr_line' id='line_1_3' title="bbox 162 1282 221 1313; baseline -0.051 0"><span class='ocrx_word' id='word_1_3' title='bbox 162 1282 221 1313; x_wconf 67' lang='grc'>119</span> 
     </span>
    </p>
   </div>
   <div class='ocr_carea' id='block_1_4' title="bbox 450 123 1236 163">
    <p class='ocr_par' dir='ltr' id='par_1_4' title="bbox 450 123 1236 163">
     <span class='ocr_line' id='line_1_4' title="bbox 450 123 1236 163; baseline 0.001 -2"><span class='ocrx_word' id='word_1_4' title='bbox 450 123 618 162; x_wconf 87' lang='lat' dir='ltr'><strong>PLINY</strong></span> <span class='ocrx_word' id='word_1_5' title='bbox 633 137 643 163; x_wconf 71' lang='grc' dir='ltr'>ι</span> <span class='ocrx_word' id='word_1_6' title='bbox 695 125 960 163; x_wconf 86' lang='lat' dir='ltr'>NATURAL</span> <span class='ocrx_word' id='word_1_7' title='bbox 996 124 1236 163; x_wconf 88' lang='lat' dir='ltr'>HISTORY</span> 
     </span>
    </p>
   </div>
   <div class='ocr_carea' id='block_1_5' title="bbox 243 227 1435 1700">
    <p class='ocr_par' dir='ltr' id='par_1_5' title="bbox 243 227 1435 1637">
     <span class='ocr_line' id='line_1_5' title="bbox 298 227 1433 279; baseline 0.001 -13"><span class='ocrx_word' id='word_1_8' title='bbox 298 228 407 266; x_wconf 90' lang='lat' dir='ltr'>XVI.</span> <span class='ocrx_word' id='word_1_9' title='bbox 438 227 569 266; x_wconf 91' lang='lat' dir='ltr'>Padus</span> <span class='ocrx_word' id='word_1_10' title='bbox 600 242 621 265; x_wconf 90' lang='lat' dir='ltr'>e</span> <span class='ocrx_word' id='word_1_11' title='bbox 651 231 805 279; x_wconf 80' lang='lat' dir='ltr'>gremio</span> <span class='ocrx_word' id='word_1_12' title='bbox 835 228 969 266; x_wconf 89' lang='lat' dir='ltr'>Vesuli</span> <span class='ocrx_word' id='word_1_13' title='bbox 1000 231 1146 266; x_wconf 88' lang='lat' dir='ltr'>montis</span> <span class='ocrx_word' id='word_1_14' title='bbox 1175 229 1433 267; x_wconf 88' lang='lat' dir='ltr'>celsissimum</span> 
     </span>
     <span class='ocr_line' id='line_1_6' title="bbox 246 290 1435 342; baseline 0.001 -15"><span class='ocrx_word' id='word_1_15' title='bbox 246 292 284 327; x_wconf 90' lang='lat' dir='ltr'>in</span> <span class='ocrx_word' id='word_1_16' title='bbox 315 303 507 327; x_wconf 80' lang='lat' dir='ltr'><strong>cacumen</strong></span> <span class='ocrx_word' id='word_1_17' title='bbox 540 290 701 340; x_wconf 82' lang='lat' dir='ltr'><strong>Alpium</strong></span> <span class='ocrx_word' id='word_1_18' title='bbox 735 290 830 327; x_wconf 87' lang='lat' dir='ltr'>elati</span> <span class='ocrx_word' id='word_1_19' title='bbox 862 290 1004 327; x_wconf 87' lang='lat' dir='ltr'>finibus</span> <span class='ocrx_word' id='word_1_20' title='bbox 1039 290 1231 341; x_wconf 87' lang='lat' dir='ltr'>Ligurum</span> <span class='ocrx_word' id='word_1_21' title='bbox 1263 290 1435 342; x_wconf 87' lang='lat' dir='ltr'>Vagien·</span> 
     </span>
     <span class='ocr_line' id='line_1_7' title="bbox 246 351 1435 402; baseline 0.001 -14"><span class='ocrx_word' id='word_1_22' title='bbox 246 365 386 388; x_wconf 89' lang='lat' dir='ltr'>norum</span> <span class='ocrx_word' id='word_1_23' title='bbox 415 351 579 389; x_wconf 84' lang='lat' dir='ltr'>visendo</span> <span class='ocrx_word' id='word_1_24' title='bbox 606 351 718 388; x_wconf 85' lang='lat' dir='ltr'>fonte</span> <span class='ocrx_word' id='word_1_25' title='bbox 746 351 946 402; x_wconf 87' lang='lat' dir='ltr'>profluens</span> <span class='ocrx_word' id='word_1_26' title='bbox 972 352 1230 402; x_wconf 87' lang='lat' dir='ltr'>condensque</span> <span class='ocrx_word' id='word_1_27' title='bbox 1257 365 1300 389; x_wconf 87' lang='lat' dir='ltr'>se</span> <span class='ocrx_word' id='word_1_28' title='bbox 1327 355 1435 390; x_wconf 88' lang='lat' dir='ltr'>cuni-</span> 
     </span>
     <span class='ocr_line' id='line_1_8' title="bbox 245 413 1435 464; baseline 0.001 -14"><span class='ocrx_word' id='word_1_29' title='bbox 245 413 333 450; x_wconf 89' lang='lat' dir='ltr'>culo</span> <span class='ocrx_word' id='word_1_30' title='bbox 373 419 415 450; x_wconf 92' lang='lat' dir='ltr'>et</span> <span class='ocrx_word' id='word_1_31' title='bbox 454 416 494 450; x_wconf 90' lang='lat' dir='ltr'>in</span> <span class='ocrx_word' id='word_1_32' title='bbox 536 413 873 450; x_wconf 83' lang='lat' dir='ltr'>Forovibiensium</span> <span class='ocrx_word' id='word_1_33' title='bbox 915 427 1011 464; x_wconf 88' lang='lat' dir='ltr'>agro</span> <span class='ocrx_word' id='word_1_34' title='bbox 1050 415 1197 450; x_wconf 91' lang='lat' dir='ltr'>iterum</span> <span class='ocrx_word' id='word_1_35' title='bbox 1237 416 1435 459; x_wconf 85' lang='lat' dir='ltr'>exoriens,</span> 
     </span>
     <span class='ocr_line' id='line_1_9' title="bbox 247 474 1434 519; baseline 0.002 -8"><span class='ocrx_word' id='word_1_36' title='bbox 247 474 353 511; x_wconf 90' lang='lat' dir='ltr'>nullo</span> <span class='ocrx_word' id='word_1_37' title='bbox 403 477 580 511; x_wconf 87' lang='lat' dir='ltr'>amnium</span> <span class='ocrx_word' id='word_1_38' title='bbox 630 475 812 511; x_wconf 80' lang='lat' dir='ltr'>claritate</span> <span class='ocrx_word' id='word_1_39' title='bbox 864 474 1038 519; x_wconf 88' lang='lat' dir='ltr'>inferior,</span> <span class='ocrx_word' id='word_1_40' title='bbox 1089 474 1252 512; x_wconf 84' lang='lat' dir='ltr'>Graecis</span> <span class='ocrx_word' id='word_1_41' title='bbox 1305 475 1434 513; x_wconf 86' lang='lat' dir='ltr'>dictus</span> 
     </span>
     <span class='ocr_line' id='line_1_10' title="bbox 248 535 1435 588; baseline 0.002 -16"><span class='ocrx_word' id='word_1_42' title='bbox 248 536 444 573; x_wconf 82' lang='lat' dir='ltr'>Eridanus</span> <span class='ocrx_word' id='word_1_43' title='bbox 470 549 515 573; x_wconf 89' lang='lat' dir='ltr'>ac</span> <span class='ocrx_word' id='word_1_44' title='bbox 541 549 672 586; x_wconf 86' lang='lat' dir='ltr'>poena</span> <span class='ocrx_word' id='word_1_45' title='bbox 699 535 963 573; x_wconf 86' lang='lat' dir='ltr'>Phaethontis</span> <span class='ocrx_word' id='word_1_46' title='bbox 989 536 1236 581; x_wconf 85' lang='lat' dir='ltr'><strong>inlustratus,</strong></span> <span class='ocrx_word' id='word_1_47' title='bbox 1262 543 1435 588; x_wconf 88' lang='lat' dir='ltr'>augetur</span> 
     </span>
     <span class='ocr_line' id='line_1_11' title="bbox 245 597 1434 649; baseline 0.002 -15"><span class='ocrx_word' id='word_1_48' title='bbox 245 597 297 635; x_wconf 91' lang='lat' dir='ltr'>ad</span> <span class='ocrx_word' id='word_1_49' title='bbox 321 601 428 635; x_wconf 88' lang='lat' dir='ltr'>canis</span> <span class='ocrx_word' id='word_1_50' title='bbox 455 604 564 635; x_wconf 90' lang='lat' dir='ltr'>ortus</span> <span class='ocrx_word' id='word_1_51' title='bbox 590 597 751 648; x_wconf 85' lang='lat' dir='ltr'>liquatis</span> <span class='ocrx_word' id='word_1_52' title='bbox 779 599 947 642; x_wconf 88' lang='lat' dir='ltr'>nivibus,</span> <span class='ocrx_word' id='word_1_53' title='bbox 973 601 1077 648; x_wconf 84' lang='lat' dir='ltr'>agris</span> <span class='ocrx_word' id='word_1_54' title='bbox 1112 611 1232 648; x_wconf 88' lang='lat' dir='ltr'>quam</span> <span class='ocrx_word' id='word_1_55' title='bbox 1267 601 1434 649; x_wconf 85' lang='lat' dir='ltr'>navigiis</span> 
     </span>
     <span class='ocr_line' id='line_1_12' title="bbox 243 659 1434 710; baseline 0 -13"><span class='ocrx_word' id='word_1_56' title='bbox 243 662 473 704; x_wconf 84' lang='lat' dir='ltr'><strong>torrentior,</strong></span> <span class='ocrx_word' id='word_1_57' title='bbox 520 659 616 696; x_wconf 90' lang='lat' dir='ltr'>nihil</span> <span class='ocrx_word' id='word_1_58' title='bbox 665 666 801 697; x_wconf 87' lang='lat' dir='ltr'>tamen</span> <span class='ocrx_word' id='word_1_59' title='bbox 849 673 899 697; x_wconf 85' lang='lat' dir='ltr'>ex</span> <span class='ocrx_word' id='word_1_60' title='bbox 947 666 1063 710; x_wconf 89' lang='lat' dir='ltr'>rapto</span> <span class='ocrx_word' id='word_1_61' title='bbox 1109 660 1183 696; x_wconf 83' lang='lat' dir='ltr'>sibi</span> <span class='ocrx_word' id='word_1_62' title='bbox 1232 660 1434 697; x_wconf 87' lang='lat' dir='ltr'>vindicans</span> 
     </span>
     <span class='ocr_line' id='line_1_13' title="bbox 247 721 1433 772; baseline 0 -14"><span class='ocrx_word' id='word_1_63' title='bbox 247 727 383 772; x_wconf 88' lang='lat' dir='ltr'>atque,</span> <span class='ocrx_word' id='word_1_64' title='bbox 410 722 476 758; x_wconf 87' lang='lat' dir='ltr'>ubi</span> <span class='ocrx_word' id='word_1_65' title='bbox 501 721 631 772; x_wconf 82' lang='lat' dir='ltr'><strong>liquit,</strong></span> <span class='ocrx_word' id='word_1_66' title='bbox 657 722 844 758; x_wconf 87' lang='lat' dir='ltr'>ubertate</span> <span class='ocrx_word' id='word_1_67' title='bbox 869 721 1064 771; x_wconf 61' lang='lat' dir='ltr'>largitor}</span> <span class='ocrx_word' id='word_1_68' title='bbox 1119 728 1188 759; x_wconf 53' lang='lat' dir='ltr'>(ff</span> <span class='ocrx_word' id='word_1_69' title='bbox 1208 735 1247 772; x_wconf 90' lang='lat' dir='ltr'>p.</span> <span class='ocrx_word' id='word_1_70' title='bbox 1274 735 1297 758; x_wconf 90' lang='lat' dir='ltr'>a</span> <span class='ocrx_word' id='word_1_71' title='bbox 1321 721 1433 759; x_wconf 86' lang='lat' dir='ltr'>fonte</span> 
     </span>
     <span class='ocr_line' id='line_1_14' title="bbox 245 783 1434 828; baseline 0.002 -9"><span class='ocrx_word' id='word_1_72' title='bbox 245 783 396 820; x_wconf 89' lang='lat' dir='ltr'>addens</span> <span class='ocrx_word' id='word_1_73' title='bbox 440 789 577 820; x_wconf 86' lang='lat' dir='ltr'>meatu</span> <span class='ocrx_word' id='word_1_74' title='bbox 617 783 695 820; x_wconf 88' lang='lat' dir='ltr'>duo</span> <span class='ocrx_word' id='word_1_75' title='bbox 733 783 783 820; x_wconf 90' lang='lat' dir='ltr'>de</span> <span class='ocrx_word' id='word_1_76' title='bbox 819 795 954 828; x_wconf 75' lang='lat' dir='ltr'>Lxxxx,</span> <span class='ocrx_word' id='word_1_77' title='bbox 989 796 1062 820; x_wconf 90' lang='lat' dir='ltr'>nec</span> <span class='ocrx_word' id='word_1_78' title='bbox 1098 796 1236 820; x_wconf 89' lang='lat' dir='ltr'>amnes</span> <span class='ocrx_word' id='word_1_79' title='bbox 1274 789 1434 821; x_wconf 89' lang='lat' dir='ltr'>tantum</span> 
     </span>
     <span class='ocr_line' id='line_1_15' title="bbox 247 844 1433 895; baseline 0.001 -13"><span class='ocrx_word' id='word_1_80' title='bbox 247 846 506 895; x_wconf 84' lang='lat' dir='ltr'>Appenninos</span> <span class='ocrx_word' id='word_1_81' title='bbox 559 844 805 895; x_wconf 85' lang='lat' dir='ltr'>Alpinosque</span> <span class='ocrx_word' id='word_1_82' title='bbox 857 844 1101 895; x_wconf 84' lang='lat' dir='ltr'>navigabiles</span> <span class='ocrx_word' id='word_1_83' title='bbox 1151 847 1312 895; x_wconf 84' lang='lat' dir='ltr'>capiens</span> <span class='ocrx_word' id='word_1_84' title='bbox 1362 845 1433 883; x_wconf 90' lang='lat' dir='ltr'>sed</span> 
     </span>
     <span class='ocr_line' id='line_1_16' title="bbox 246 906 1432 957; baseline 0.001 -14"><span class='ocrx_word' id='word_1_85' title='bbox 246 906 351 944; x_wconf 85' lang='lat' dir='ltr'>lacus</span> <span class='ocrx_word' id='word_1_86' title='bbox 368 920 530 957; x_wconf 89' lang='lat' dir='ltr'>quoque</span> <span class='ocrx_word' id='word_1_87' title='bbox 547 909 747 944; x_wconf 88' lang='lat' dir='ltr'>inmensos</span> <span class='ocrx_word' id='word_1_88' title='bbox 760 910 799 943; x_wconf 94' lang='lat' dir='ltr'>in</span> <span class='ocrx_word' id='word_1_89' title='bbox 817 919 908 944; x_wconf 90' lang='lat' dir='ltr'>eum</span> <span class='ocrx_word' id='word_1_90' title='bbox 924 920 1012 944; x_wconf 87' lang='lat' dir='ltr'>sese</span> <span class='ocrx_word' id='word_1_91' title='bbox 1029 913 1310 952; x_wconf 82' lang='lat' dir='ltr'>exonerantes,</span> <span class='ocrx_word' id='word_1_92' title='bbox 1326 909 1432 944; x_wconf 91' lang='lat' dir='ltr'>omni</span> 
     </span>
     <span class='ocr_line' id='line_1_17' title="bbox 245 968 1433 1014; baseline 0.001 -9"><span class='ocrx_word' id='word_1_93' title='bbox 245 982 411 1005; x_wconf 88' lang='lat' dir='ltr'>numero</span> <span class='ocrx_word' id='word_1_94' title='bbox 446 981 519 1005; x_wconf 85' lang='lat' dir='ltr'>xxx</span> <span class='ocrx_word' id='word_1_95' title='bbox 555 968 718 1006; x_wconf 86' lang='lat' dir='ltr'>flumina</span> <span class='ocrx_word' id='word_1_96' title='bbox 753 971 791 1005; x_wconf 90' lang='lat' dir='ltr'>in</span> <span class='ocrx_word' id='word_1_97' title='bbox 828 981 936 1005; x_wconf 89' lang='lat' dir='ltr'>mare</span> <span class='ocrx_word' id='word_1_98' title='bbox 974 969 1253 1006; x_wconf 83' lang='lat' dir='ltr'>Hadriaticum</span> <span class='ocrx_word' id='word_1_99' title='bbox 1286 969 1433 1014; x_wconf 84' lang='lat' dir='ltr'>defert,</span> 
     </span>
     <span class='ocr_line' id='line_1_18' title="bbox 244 1030 1433 1081; baseline 0.001 -14"><span class='ocrx_word' id='word_1_100' title='bbox 244 1030 506 1067; x_wconf 82' lang='lat' dir='ltr'>celeberrima</span> <span class='ocrx_word' id='word_1_101' title='bbox 521 1044 569 1067; x_wconf 84' lang='lat' dir='ltr'>ex</span> <span class='ocrx_word' id='word_1_102' title='bbox 585 1033 630 1068; x_wconf 87' lang='lat' dir='ltr'>iis</span> <span class='ocrx_word' id='word_1_103' title='bbox 646 1031 877 1081; x_wconf 77' lang='lat' dir='ltr'>Appennini</span> <span class='ocrx_word' id='word_1_104' title='bbox 891 1031 1019 1068; x_wconf 88' lang='lat' dir='ltr'>latere</span> <span class='ocrx_word' id='word_1_105' title='bbox 1036 1031 1205 1076; x_wconf 88' lang='lat' dir='ltr'>Iactum,</span> <span class='ocrx_word' id='word_1_106' title='bbox 1219 1031 1433 1076; x_wconf 84' lang='lat' dir='ltr'>Tanarum,</span> 
     </span>
     <span class='ocr_line' id='line_1_19' title="bbox 244 1091 1433 1138; baseline 0.002 -10"><span class='ocrx_word' id='word_1_107' title='bbox 244 1092 430 1129; x_wconf 87' lang='lat' dir='ltr'>Trebiam</span> <span class='ocrx_word' id='word_1_108' title='bbox 472 1091 764 1136; x_wconf 82' lang='lat' dir='ltr'>Placentinum,</span> <span class='ocrx_word' id='word_1_109' title='bbox 802 1093 963 1137; x_wconf 90' lang='lat' dir='ltr'>Tarum,</span> <span class='ocrx_word' id='word_1_110' title='bbox 1005 1093 1170 1137; x_wconf 90' lang='lat' dir='ltr'>Inciam,</span> <span class='ocrx_word' id='word_1_111' title='bbox 1207 1092 1433 1138; x_wconf 87' lang='lat' dir='ltr'>Gabellum,</span> 
     </span>
     <span class='ocr_line' id='line_1_20' title="bbox 245 1152 1433 1206; baseline 0.001 -15"><span class='ocrx_word' id='word_1_112' title='bbox 245 1152 517 1199; x_wconf 84' lang='lat' dir='ltr'>Scultennam,</span> <span class='ocrx_word' id='word_1_113' title='bbox 541 1154 739 1199; x_wconf 85' lang='lat' dir='ltr'>Rhenum,</span> <span class='ocrx_word' id='word_1_114' title='bbox 764 1154 925 1205; x_wconf 83' lang='lat' dir='ltr'>Alpium</span> <span class='ocrx_word' id='word_1_115' title='bbox 948 1168 1041 1191; x_wconf 90' lang='lat' dir='ltr'>vero</span> <span class='ocrx_word' id='word_1_116' title='bbox 1067 1153 1242 1200; x_wconf 89' lang='lat' dir='ltr'>Sturam,</span> <span class='ocrx_word' id='word_1_117' title='bbox 1264 1154 1433 1206; x_wconf 87' lang='lat' dir='ltr'>Orgum,</span> 
     </span>
     <span class='ocr_line' id='line_1_21' title="bbox 246 1216 1432 1262; baseline 0.002 -10"><span class='ocrx_word' id='word_1_118' title='bbox 246 1216 390 1253; x_wconf 89' lang='lat' dir='ltr'>Durias</span> <span class='ocrx_word' id='word_1_119' title='bbox 413 1216 525 1261; x_wconf 89' lang='lat' dir='ltr'>duas,</span> <span class='ocrx_word' id='word_1_120' title='bbox 548 1216 734 1261; x_wconf 86' lang='lat' dir='ltr'>Sesitem,</span> <span class='ocrx_word' id='word_1_121' title='bbox 755 1217 952 1261; x_wconf 86' lang='lat' dir='ltr'>Ticinum,</span> <span class='ocrx_word' id='word_1_122' title='bbox 976 1216 1207 1261; x_wconf 90' lang='lat' dir='ltr'>Lambrum,</span> <span class='ocrx_word' id='word_1_123' title='bbox 1230 1216 1432 1262; x_wconf 72' lang='lat' dir='ltr'>Addumn,</span> 
     </span>
     <span class='ocr_line' id='line_1_22' title="bbox 247 1277 1432 1322; baseline 0.001 -8"><span class='ocrx_word' id='word_1_124' title='bbox 247 1277 409 1322; x_wconf 90' lang='lat' dir='ltr'>Ollium,</span> <span class='ocrx_word' id='word_1_125' title='bbox 455 1277 663 1316; x_wconf 87' lang='lat' dir='ltr'>Mincium.</span> <span class='ocrx_word' id='word_1_126' title='bbox 719 1291 791 1315; x_wconf 91' lang='lat' dir='ltr'>nec</span> <span class='ocrx_word' id='word_1_127' title='bbox 834 1278 933 1315; x_wconf 89' lang='lat' dir='ltr'>alius</span> <span class='ocrx_word' id='word_1_128' title='bbox 976 1281 1153 1315; x_wconf 86' lang='lat' dir='ltr'>amnium</span> <span class='ocrx_word' id='word_1_129' title='bbox 1196 1284 1281 1316; x_wconf 87' lang='lat' dir='ltr'>tam</span> <span class='ocrx_word' id='word_1_130' title='bbox 1323 1279 1432 1316; x_wconf 88' lang='lat' dir='ltr'>brevi</span> 
     </span>
     <span class='ocr_line' id='line_1_23' title="bbox 244 1342 1431 1391; baseline 0.001 -15"><span class='ocrx_word' id='word_1_131' title='bbox 244 1342 375 1390; x_wconf 87' lang='lat' dir='ltr'>spatio</span> <span class='ocrx_word' id='word_1_132' title='bbox 418 1343 576 1377; x_wconf 89' lang='lat' dir='ltr'>maioris</span> <span class='ocrx_word' id='word_1_133' title='bbox 621 1342 856 1377; x_wconf 88' lang='lat' dir='ltr'>incrementi</span> <span class='ocrx_word' id='word_1_134' title='bbox 902 1346 985 1383; x_wconf 86' lang='lat' dir='ltr'>est;</span> <span class='ocrx_word' id='word_1_135' title='bbox 1045 1346 1239 1391; x_wconf 77' lang='lat' dir='ltr'>urguetur</span> <span class='ocrx_word' id='word_1_136' title='bbox 1283 1342 1431 1391; x_wconf 90' lang='lat' dir='ltr'>quippe</span> 
     </span>
     <span class='ocr_line' id='line_1_24' title="bbox 245 1401 1432 1452; baseline 0 -14"><span class='ocrx_word' id='word_1_137' title='bbox 245 1414 439 1451; x_wconf 87' lang='lat' dir='ltr'>aquarum</span> <span class='ocrx_word' id='word_1_138' title='bbox 462 1402 565 1439; x_wconf 87' lang='lat' dir='ltr'>mole</span> <span class='ocrx_word' id='word_1_139' title='bbox 589 1408 631 1439; x_wconf 91' lang='lat' dir='ltr'>et</span> <span class='ocrx_word' id='word_1_140' title='bbox 653 1405 693 1438; x_wconf 93' lang='lat' dir='ltr'>in</span> <span class='ocrx_word' id='word_1_141' title='bbox 715 1401 956 1452; x_wconf 87' lang='lat' dir='ltr'>profundum</span> <span class='ocrx_word' id='word_1_142' title='bbox 980 1404 1113 1452; x_wconf 86' lang='lat' dir='ltr'>agitur</span> <span class='ocrx_word' id='word_1_143' title='bbox 1134 1404 1263 1452; x_wconf 85' lang='lat' dir='ltr'>gravis</span> <span class='ocrx_word' id='word_1_144' title='bbox 1286 1408 1432 1445; x_wconf 87' lang='lat' dir='ltr'>terrae,</span> 
     </span>
     <span class='ocr_line' id='line_1_25' title="bbox 245 1463 1433 1513; baseline 0.001 -14"><span class='ocrx_word' id='word_1_145' title='bbox 245 1476 488 1513; x_wconf 91' lang='lat' dir='ltr'>quamquam</span> <span class='ocrx_word' id='word_1_146' title='bbox 535 1464 721 1501; x_wconf 86' lang='lat' dir='ltr'>diductus</span> <span class='ocrx_word' id='word_1_147' title='bbox 769 1466 809 1500; x_wconf 86' lang='lat' dir='ltr'>in</span> <span class='ocrx_word' id='word_1_148' title='bbox 858 1463 1020 1500; x_wconf 85' lang='lat' dir='ltr'>flumina</span> <span class='ocrx_word' id='word_1_149' title='bbox 1067 1470 1109 1500; x_wconf 89' lang='lat' dir='ltr'>et</span> <span class='ocrx_word' id='word_1_150' title='bbox 1156 1463 1279 1500; x_wconf 85' lang='lat' dir='ltr'>fossas</span> <span class='ocrx_word' id='word_1_151' title='bbox 1327 1466 1433 1501; x_wconf 87' lang='lat' dir='ltr'>inter</span> 
     </span>
     <span class='ocr_line' id='line_1_26' title="bbox 245 1524 1432 1576; baseline 0.002 -15"><span class='ocrx_word' id='word_1_152' title='bbox 245 1524 477 1562; x_wconf 81' lang='lat' dir='ltr'>Ravennam</span> <span class='ocrx_word' id='word_1_153' title='bbox 507 1525 770 1576; x_wconf 85' lang='lat' dir='ltr'>Altinumque</span> <span class='ocrx_word' id='word_1_154' title='bbox 799 1539 870 1576; x_wconf 87' lang='lat' dir='ltr'>per</span> <span class='ocrx_word' id='word_1_155' title='bbox 899 1531 983 1569; x_wconf 66' lang='grc' dir='ltr'>ςΤκ,</span> <span class='ocrx_word' id='word_1_156' title='bbox 1012 1531 1149 1562; x_wconf 86' lang='lat' dir='ltr'>tamen</span> <span class='ocrx_word' id='word_1_157' title='bbox 1179 1539 1258 1575; x_wconf 90' lang='lat' dir='ltr'>qua</span> <span class='ocrx_word' id='word_1_158' title='bbox 1286 1525 1432 1576; x_wconf 82' lang='lat' dir='ltr'>largius</span> 
     </span>
     <span class='ocr_line' id='line_1_27' title="bbox 244 1586 1020 1637; baseline 0.001 -14"><span class='ocrx_word' id='word_1_159' title='bbox 244 1589 368 1623; x_wconf 88' lang='lat' dir='ltr'>vomit</span> <span class='ocrx_word' id='word_1_160' title='bbox 388 1586 553 1637; x_wconf 89' lang='lat' dir='ltr'>Septem</span> <span class='ocrx_word' id='word_1_161' title='bbox 577 1587 707 1624; x_wconf 87' lang='lat' dir='ltr'>Maria</span> <span class='ocrx_word' id='word_1_162' title='bbox 726 1587 855 1624; x_wconf 82' lang='lat' dir='ltr'>dictus</span> <span class='ocrx_word' id='word_1_163' title='bbox 877 1587 1020 1624; x_wconf 89' lang='lat' dir='ltr'>facere.</span> 
     </span>
    </p>

    <p class='ocr_par' dir='ltr' id='par_1_6' title="bbox 296 1647 1431 1700">
     <span class='ocr_line' id='line_1_28' title="bbox 296 1647 1431 1700; baseline 0.002 -15"><span class='ocrx_word' id='word_1_164' title='bbox 296 1650 481 1700; x_wconf 84' lang='lat' dir='ltr'>Augusta</span> <span class='ocrx_word' id='word_1_165' title='bbox 521 1648 626 1686; x_wconf 85' lang='lat' dir='ltr'>fossa</span> <span class='ocrx_word' id='word_1_166' title='bbox 666 1649 898 1686; x_wconf 86' lang='lat' dir='ltr'>Ravennam</span> <span class='ocrx_word' id='word_1_167' title='bbox 940 1649 1124 1694; x_wconf 84' lang='lat' dir='ltr'>trahitur,</span> <span class='ocrx_word' id='word_1_168' title='bbox 1166 1650 1231 1686; x_wconf 91' lang='lat' dir='ltr'>ubi</span> <span class='ocrx_word' id='word_1_169' title='bbox 1274 1647 1431 1687; x_wconf 89' lang='lat' dir='ltr'>Padusa</span> 
     </span>
    </p>
   </div>
   <div class='ocr_carea' id='block_1_6' title="bbox 510 1735 1135 1777">
    <p class='ocr_par' dir='ltr' id='par_1_7' title="bbox 510 1735 1135 1777">
     <span class='ocr_line' id='line_1_29' title="bbox 510 1735 1135 1777; baseline -0.002 -9"><span class='ocrx_word' id='word_1_170' title='bbox 510 1736 521 1754; x_wconf 87' lang='lat'>¹</span> <span class='ocrx_word' id='word_1_171' title='bbox 552 1735 614 1768; x_wconf 69' lang='lat' dir='ltr'>VJ.</span> <span class='ocrx_word' id='word_1_172' title='bbox 633 1736 756 1776; x_wconf 82' lang='lat' dir='ltr'>linquit</span> <span class='ocrx_word' id='word_1_173' title='bbox 775 1736 965 1767; x_wconf 75' lang='lat' dir='ltr'>ubertatem</span> <span class='ocrx_word' id='word_1_174' title='bbox 986 1735 1135 1777; x_wconf 79' lang='lat' dir='ltr'>largitur.</span> 
     </span>
    </p>
   </div>
   <div class='ocr_carea' id='block_1_7' title="bbox 243 1812 476 1819">
    <p class='ocr_par' dir='ltr' id='par_1_8' title="bbox 243 1812 476 1819">
     <span class='ocr_line' id='line_1_30' title="bbox 243 1812 476 1819; baseline 0 0"><span class='ocrx_word' id='word_1_175' title='bbox 243 1812 476 1819; x_wconf 95' lang='lat' dir='ltr'> </span> 
     </span>
    </p>
   </div>
   <div class='ocr_carea' id='block_1_8' title="bbox 921 1814 1117 1819">
    <p class='ocr_par' dir='ltr' id='par_1_9' title="bbox 921 1814 1117 1819">
     <span class='ocr_line' id='line_1_31' title="bbox 921 1814 1117 1819; baseline 0 0"><span class='ocrx_word' id='word_1_176' title='bbox 921 1814 1117 1819; x_wconf 95' lang='lat' dir='ltr'> </span> 
     </span>
    </p>
   </div>
   <div class='ocr_carea' id='block_1_9' title="bbox 246 1859 1432 2021">
    <p class='ocr_par' dir='ltr' id='par_1_10' title="bbox 246 1859 1432 2021">
     <span class='ocr_line' id='line_1_32' title="bbox 292 1859 1431 1901; baseline 0.001 -10"><span class='ocrx_word' id='word_1_177' title='bbox 292 1865 307 1880; x_wconf 81' lang='lat'><em>⁰</em></span> <span class='ocrx_word' id='word_1_178' title='bbox 330 1860 509 1892; x_wconf 79' lang='lat' dir='ltr'>Phaethon</span> <span class='ocrx_word' id='word_1_179' title='bbox 530 1860 626 1891; x_wconf 81' lang='lat' dir='ltr'>when</span> <span class='ocrx_word' id='word_1_180' title='bbox 646 1859 781 1901; x_wconf 83' lang='lat' dir='ltr'>driving</span> <span class='ocrx_word' id='word_1_181' title='bbox 800 1860 859 1891; x_wconf 79' lang='lat' dir='ltr'>the</span> <span class='ocrx_word' id='word_1_182' title='bbox 878 1860 1010 1891; x_wconf 69' lang='lat' dir='ltr'>chariot</span> <span class='ocrx_word' id='word_1_183' title='bbox 1028 1860 1064 1892; x_wconf 74' lang='grc' dir='ltr'>οἱ</span> <span class='ocrx_word' id='word_1_184' title='bbox 1082 1860 1133 1891; x_wconf 77' lang='lat' dir='ltr'>his</span> <span class='ocrx_word' id='word_1_185' title='bbox 1152 1860 1265 1891; x_wconf 77' lang='lat' dir='ltr'>father</span> <span class='ocrx_word' id='word_1_186' title='bbox 1284 1860 1342 1891; x_wconf 77' lang='lat' dir='ltr'>tho</span> <span class='ocrx_word' id='word_1_187' title='bbox 1360 1860 1431 1892; x_wconf 88' lang='lat' dir='ltr'>Sun</span> 
     </span>
     <span class='ocr_line' id='line_1_33' title="bbox 247 1903 1432 1944; baseline 0 -10"><span class='ocrx_word' id='word_1_188' title='bbox 247 1903 312 1935; x_wconf 76' lang='lat' dir='ltr'>lost</span> <span class='ocrx_word' id='word_1_189' title='bbox 330 1903 461 1934; x_wconf 82' lang='lat' dir='ltr'>control</span> <span class='ocrx_word' id='word_1_190' title='bbox 479 1903 513 1935; x_wconf 80' lang='lat' dir='ltr'>of</span> <span class='ocrx_word' id='word_1_191' title='bbox 532 1904 589 1934; x_wconf 82' lang='lat' dir='ltr'>the</span> <span class='ocrx_word' id='word_1_192' title='bbox 608 1903 733 1940; x_wconf 70' lang='lat' dir='ltr'>horsea,</span> <span class='ocrx_word' id='word_1_193' title='bbox 751 1903 819 1934; x_wconf 82' lang='lat' dir='ltr'>and</span> <span class='ocrx_word' id='word_1_194' title='bbox 838 1914 906 1934; x_wconf 71' lang='lat' dir='ltr'>was</span> <span class='ocrx_word' id='word_1_195' title='bbox 923 1903 1042 1934; x_wconf 76' lang='lat' dir='ltr'>struck</span> <span class='ocrx_word' id='word_1_196' title='bbox 1059 1903 1160 1935; x_wconf 86' lang='lat' dir='ltr'>down</span> <span class='ocrx_word' id='word_1_197' title='bbox 1179 1904 1224 1944; x_wconf 85' lang='lat' dir='ltr'>by</span> <span class='ocrx_word' id='word_1_198' title='bbox 1240 1903 1377 1944; x_wconf 77' lang='lat' dir='ltr'>Jupiter</span> <span class='ocrx_word' id='word_1_199' title='bbox 1395 1908 1432 1935; x_wconf 73' lang='lat' dir='ltr'>to</span> 
     </span>
     <span class='ocr_line' id='line_1_34' title="bbox 246 1946 1431 1988; baseline 0 -11"><span class='ocrx_word' id='word_1_200' title='bbox 246 1952 389 1988; x_wconf 80' lang='lat' dir='ltr'>prevent</span> <span class='ocrx_word' id='word_1_201' title='bbox 403 1946 453 1977; x_wconf 82' lang='lat' dir='ltr'>his</span> <span class='ocrx_word' id='word_1_202' title='bbox 465 1947 591 1985; x_wconf 75' lang='lat' dir='ltr'>setting</span> <span class='ocrx_word' id='word_1_203' title='bbox 605 1946 662 1977; x_wconf 77' lang='lat' dir='ltr'>the</span> <span class='ocrx_word' id='word_1_204' title='bbox 675 1946 772 1977; x_wconf 78' lang='lat' dir='ltr'>carth</span> <span class='ocrx_word' id='word_1_205' title='bbox 785 1957 828 1977; x_wconf 91' lang='lat' dir='ltr'>on</span> <span class='ocrx_word' id='word_1_206' title='bbox 841 1946 918 1984; x_wconf 82' lang='lat' dir='ltr'>fire;</span> <span class='ocrx_word' id='word_1_207' title='bbox 943 1946 1044 1983; x_wconf 87' lang='lat' dir='ltr'>Ovid,</span> <span class='ocrx_word' id='word_1_208' title='bbox 1060 1946 1139 1978; x_wconf 74' lang='lat' dir='ltr'>Mel.</span> <span class='ocrx_word' id='word_1_209' title='bbox 1154 1946 1198 1977; x_wconf 92' lang='lat'>11.</span> <span class='ocrx_word' id='word_1_210' title='bbox 1210 1948 1251 1978; x_wconf 75' lang='lat'>47</span> <span class='ocrx_word' id='word_1_211' title='bbox 1266 1947 1301 1978; x_wconf 76' lang='lat' dir='ltr'>ff.</span> <span class='ocrx_word' id='word_1_212' title='bbox 1315 1946 1431 1978; x_wconf 79' lang='lat' dir='ltr'>makes</span> 
     </span>
     <span class='ocr_line' id='line_1_35' title="bbox 246 1989 684 2021; baseline -0.002 0"><span class='ocrx_word' id='word_1_213' title='bbox 246 1990 316 2021; x_wconf 89' lang='lat' dir='ltr'>him</span> <span class='ocrx_word' id='word_1_214' title='bbox 330 1989 388 2021; x_wconf 74' lang='lat' dir='ltr'>fau</span> <span class='ocrx_word' id='word_1_215' title='bbox 401 1990 474 2021; x_wconf 81' lang='lat' dir='ltr'>into</span> <span class='ocrx_word' id='word_1_216' title='bbox 488 1989 547 2021; x_wconf 81' lang='lat' dir='ltr'>the</span> <span class='ocrx_word' id='word_1_217' title='bbox 561 1989 684 2021; x_wconf 81' lang='lat' dir='ltr'>Padus.</span> 
     </span>
    </p>
   </div>
   <div class='ocr_carea' id='block_1_10' title="bbox 248 2051 296 2088">
    <p class='ocr_par' dir='ltr' id='par_1_11' title="bbox 248 2051 296 2088">
     <span class='ocr_line' id='line_1_36' title="bbox 248 2051 296 2088; baseline -0.021 0"><span class='ocrx_word' id='word_1_218' title='bbox 248 2051 296 2088; x_wconf 91' lang='lat'>86</span> 
     </span>
    </p>
   </div>
  </div>
 </body>
</html>
