1515 2351
110 433 170 463 116

109 941 169 972 117

111 1451 169 1480 llS

394 106 480 144 PLl
489 107 585 144 NY:
638 108 787 145 NATU
797 109 865 145 ΗΑ
873 109 904 145 L
944 108 1180 146 HISTORY

190 224 356 248 ascensu
379 225 450 261 per
472 212 633 261 gradus,
657 215 823 249 introitu
847 219 1032 263 angusto,
1056 213 1107 250 ad
1131 212 1377 262 Persepolim

188 290 309 334 caput
333 287 444 334 regni
467 284 641 321 dirutam
665 284 714 321 ab
732 284 975 322 Alexandro.
1020 291 1233 335 praeterea
1255 284 1379 322 habet

190 357 232 391 in
247 359 437 393 extremis
456 356 597 394 finibus
616 356 858 394 Laodiceam
875 358 926 394 ab
943 356 1143 394 Antiocho
1163 357 1379 394 conditam.

190 428 284 465 inde
310 428 362 465 ad
383 431 582 466 orientem
606 429 719 479 Magi
740 432 927 479 optinent
954 427 1220 480 phrasargida
1240 429 1383 467 castel-

191 500 287 545 lum,
303 504 343 538 in
360 515 439 552 quo
456 501 548 552 Cyri
565 501 822 552 sepulchrum
837 514 846 545 ;
879 508 939 539 est
958 508 997 539 et
1015 501 1156 539 horum
1173 502 1381 539 Ecbatana

190 573 382 623 oppidum
399 574 643 611 translatum
660 575 711 611 ab
730 575 856 612 Dario
874 588 969 625 rege
985 575 1036 612 ad
1053 580 1222 612 montes.
1277 578 1382 612 inter

193 645 360 684 Parthos
400 653 440 684 et
480 648 650 684 Arianos
690 654 906 685 excurrunt
938 647 1214 685 Paraetaceni.
1272 646 1332 685 his
1361 661 1383 684 a

191 720 379 769 gentibus
412 725 453 757 et
486 719 694 770 Euphrate
727 720 915 757 inferiora
948 734 1073 770 regna
1103 720 1381 763 includuntur;

190 792 341 842 reliqua
377 793 557 829 dicemus
592 807 613 829 a
652 793 952 843 Mesopotamia
988 800 1159 843 excepto
1194 806 1381 830 mucrone

191 867 274 901 eius
295 865 556 916 Arabumque
576 865 732 915 populis
752 868 791 902 in
812 869 942 915 priore
963 866 1080 903 dictis
1101 866 1312 903 volumine.

241 937 369 975 XXX.
401 938 698 988 Mesopotamia
721 945 810 976 tota
832 939 1086 989 Assyriorum
1108 937 1199 983 fuit,
1223 941 1381 976 vicatim

190 1009 368 1060 dispersa
401 1017 564 1060 praeter
598 1011 805 1062 Babylona
840 1017 882 1048 et
917 1011 1078 1049 Ninum.
1137 1010 1381 1048 Macedones

190 1095 279 1119 eam
306 1086 346 1119 in
372 1083 489 1120 urbes
515 1096 815 1134 congregavere
842 1090 1006 1134 propter
1033 1084 1269 1121 ubertatem
1296 1083 1381 1121 soli.

190 1155 337 1205 oppida
369 1162 530 1205 praeter
560 1159 640 1193 iam
672 1156 781 1193 dicta
813 1156 937 1194 habet
968 1156 1207 1201 Seleuciam,
1241 1155 1382 1193 Laodi-

189 1241 318 1271 ceam,
335 1230 580 1266 Artemitam
597 1240 606 1272 ;
640 1232 738 1266 item
756 1232 794 1266 in
813 1230 992 1266 Arabum
1008 1235 1132 1280 gente
1155 1232 1220 1279 qui
1243 1228 1381 1266 Orroei

191 1307 384 1338 vocantur
412 1307 453 1338 et
486 1302 680 1338 Mandani
710 1301 967 1339 Antiochiam
996 1315 1100 1353 quae
1128 1315 1149 1338 a
1179 1304 1383 1352 praefecto

192 1373 516 1424 Mesopotamiae
568 1375 765 1412 Nicanore
802 1375 965 1412 condita
1004 1375 1133 1412 Arabs
1153 1374 1165 1397 ¹
1208 1380 1381 1412 vocatur.

191 1449 411 1497 iunguntur
432 1447 490 1484 liis
513 1448 666 1484 Arabes
689 1451 881 1484 introrsus·
906 1448 1124 1491 Eldamari,
1144 1460 1263 1497 supra
1285 1460 1382 1497 quos

191 1519 240 1556 ad
273 1519 551 1557 Pallacontam
584 1520 732 1557 flumen
764 1520 867 1557 Bura
898 1520 1105 1570 oppidum,
1134 1519 1309 1557 Salmani
1342 1526 1382 1557 et

194 1591 323 1629 Masei
341 1592 519 1636 Arabes;
554 1593 766 1630 Gurdiaeis
785 1607 878 1630 vero
896 1596 1019 1630 iuncti
1038 1595 1179 1637 Azoni,
1196 1606 1268 1642 per
1284 1605 1382 1643 quos

191 1665 325 1701 Zerbis
347 1665 487 1703 fluvius
507 1669 547 1702 in
566 1666 716 1716 Tigrim
736 1666 861 1710 cadit,
881 1667 1027 1702 Azonis
1044 1665 1181 1703 Silices
1202 1667 1381 1702 montani

191 1742 233 1774 et
260 1737 448 1782 Orontes,
470 1752 637 1789 quorum
665 1738 715 1776 ad
736 1738 987 1776 occidentem
1010 1738 1201 1788 oppidum
1223 1737 1384 1787 Gauga-

489 1825 499 1843 ¹
526 1824 694 1855 Rackham
710 1836 717 1855 :
749 1824 870 1855 Arabis
886 1827 944 1854 aul
962 1823 1101 1855 Arabes.

238 1922 252 1937 ⁰
275 1918 325 1950 To
347 1918 552 1958 distinguish
578 1919 606 1949 it
629 1917 715 1949 from
739 1918 870 1950 several
893 1918 992 1949 other
1015 1918 1110 1950 cities
1135 1917 1174 1949 of
1198 1918 1258 1950 the
1289 1928 1384 1950 same

193 1971 310 1997 name;
337 1962 381 1992 its
398 1963 462 1993 sibe
481 1962 507 1992 is
526 1966 587 1993 not
606 1961 741 1993 known.

190 2024 261 2063 426
