1515 2351
131 809 173 840 08

133 1509 175 1539 99

398 139 566 178 PLINY
581 154 589 177 :
642 140 791 177 NATU
799 140 908 177 RAL
945 139 1184 177 HISTORY

199 258 360 282 mensus
379 247 465 294 ipse
482 250 522 282 et
543 247 842 282 innumerarum
860 246 1044 294 gentium
1062 243 1225 287 arbiter,
1242 243 1386 281 dextro

199 314 329 352 latere
361 314 699 364 septentrionalis,
730 313 799 350 ubi
831 316 1003 363 primum
1036 313 1086 349 ab
1121 313 1257 351 Indico
1288 316 1387 350 mari

200 387 395 434 exsurgit,
421 384 535 421 laevo
565 383 822 427 meridianus,
852 389 894 420 et
923 383 975 420 ad
1003 396 1186 421 occasum
1215 383 1388 421 tendens

199 453 457 504 mediamque
478 452 705 490 distrahens
728 454 880 496 Asiam,
902 456 976 490 nisi
997 455 1240 503 opprimenti
1260 458 1388 490 terras

199 529 454 561 occurrerent
494 526 633 560 maria.
688 523 812 560 resilit
853 536 949 573 crgo
989 522 1041 560 ad
1080 525 1389 572 septentrioneS,

202 593 409 644 flexusque
433 596 658 631 inmensum
684 596 761 630 iter
785 595 957 643 quaerit,
982 592 1092 630 velut
1117 592 1169 630 de
1192 588 1388 630 industria

201 677 332 700 rerum
379 669 524 700 natura
570 663 741 700 subinde
786 676 962 713 aequora
1007 668 1253 712 opponente,
1298 661 1388 700 hinc

203 732 476 777 Phoenicium,
527 732 618 770 hinc
672 733 897 775 Ponticum,
947 732 1054 770 illinc
1106 732 1294 782 Caspium
1347 738 1389 770 et

201 803 448 854 Hyrcanium
475 809 698 854 contraque
726 802 952 840 Maeotium
977 802 1123 840 lacum.
1178 808 1390 853 torquetur

200 876 340 923 itaque
366 873 523 911 collisus
551 876 657 911 inter
684 872 783 910 haec
811 872 1000 917 claustra,
1029 878 1071 910 et
1098 878 1238 910 tamen
1266 875 1390 910 victor

201 943 400 980 flexuosus
453 943 588 981 evadit
641 955 770 994 usque
820 942 871 980 ad
922 949 1095 993 cognata
1149 942 1388 992 Ripaeorum

201 1016 398 1050 montium
430 1016 539 1063 iuga,
571 1015 790 1050 numerosis
823 1013 1048 1050 nominibus
1080 1018 1122 1050 et
1153 1015 1262 1049 novis
1294 1025 1391 1063 qua-

202 1097 375 1133 cumque
403 1083 552 1120 incedit
580 1086 759 1133 insignis,
788 1083 922 1120 Imaus
949 1085 1077 1133 prima
1104 1088 1221 1132 parte
1246 1082 1392 1128 dictus,

201 1167 293 1190 mox
350 1153 541 1197 Emodus,
598 1153 876 1203 Paropanisus,
932 1152 1095 1196 Circius,
1150 1152 1389 1197 Cambades,

203 1223 404 1268 Pariades‚
447 1223 656 1267 Choatras,
699 1223 868 1273 Oreges,
912 1222 1134 1266 Oroandes,
1180 1221 1388 1272 Niphates.

201 1293 368 1337 Taurus,
389 1299 514 1344 atque
534 1294 600 1330 ubi
622 1307 666 1330 se
686 1305 848 1343 quoque
867 1298 1065 1342 exuperat
1086 1291 1302 1336 Caucasus,
1322 1292 1388 1330 ubi

201 1362 362 1400 brachia
408 1366 560 1401 emittit
605 1363 776 1400 subinde
819 1365 1039 1412 temptanti
1085 1365 1210 1399 maria
1254 1361 1389 1399 similis

201 1433 421 1483 Sarpedon,
459 1433 704 1477 Coracesius,
743 1433 910 1483 Cragus,
948 1435 1176 1482 iterumque
1215 1432 1390 1476 Taurus;

202 1506 326 1541 etiam
362 1504 428 1540 ubi
464 1502 634 1541 dehiscit
670 1516 793 1553 seque
829 1502 984 1552 populis
1019 1505 1148 1552 aperit
1183 1508 1389 1552 portarum

201 1580 341 1611 tamen
372 1577 531 1610 nomine
563 1576 764 1610 unitatem
794 1573 867 1610 sibi
900 1572 1102 1609 vindicans
1133 1584 1239 1622 quae
1268 1571 1388 1609 aliubi

203 1645 419 1681 Armeniae
456 1643 577 1680 aliubi
617 1643 788 1693 Caspiae
824 1643 946 1679 aliubi
985 1641 1147 1679 Ciliciae
1184 1647 1387 1678 vocantur.

203 1716 299 1764 quin
345 1716 467 1750 etiam
514 1712 756 1757 confractus,
803 1712 996 1763 effugiens
1044 1724 1203 1762 quoque
1251 1714 1390 1756 maria,

203 1783 380 1833 plurimis
398 1797 440 1821 se
457 1786 641 1833 gentium
660 1783 886 1820 nominibus
903 1781 993 1819 hinc
1011 1788 1053 1819 ct
1070 1781 1176 1818 illinc
1194 1781 1349 1831 implet,
1366 1794 1389 1818 a

202 1854 346 1891 dextra
394 1853 632 1904 Hyrcanius,
679 1853 860 1902 Caspius,
907 1865 931 1889 a
975 1851 1090 1889 laeva
1137 1850 1389 1896 Parihedrus,

244 1976 258 1989 ⁸
283 1970 490 2002 ‘Himaeus'
517 1970 585 2001 and
608 1970 802 2001 ‘Emodus’
829 1969 912 2001 both
938 1979 1038 2000 mean
1063 1968 1296 2009 ‘Himalaya‚’
1319 1968 1387 2000 and

204 2012 433 2055 Paropanisus
450 2015 476 2044 is
494 2013 613 2045 Hindu
632 2013 743 2044 Kush.

203 2089 272 2124 294
