1515 2351
95 277 133 308 61

97 1388 138 1419 63

366 104 533 144 PLINY
548 119 557 143 ε
608 105 758 144 NATU
764 105 873 143 RAL
910 104 1148 144 HISTORY

163 212 276 248 nonis
304 212 417 260 regia
445 215 487 247 et
516 209 640 247 Osiris
667 208 820 259 templo
853 208 1063 253 inclutum,
1090 211 1149 246 xm
1178 222 1204 246 D
1233 222 1274 259 p.
1308 210 1350 246 in

164 271 335 322 Libyam
376 277 578 308 remotum
619 284 642 307 a
683 269 858 307 flumine.
913 269 1008 307 dein
1050 268 1265 307 Ptolemais
1307 275 1350 307 et

166 332 376 383 Panopolis
395 346 440 369 ac
458 332 625 369 Veneris
643 334 804 377 iterum,
823 337 866 369 et
883 334 923 368 in
943 330 1094 382 Libyco
1113 330 1264 382 Lycon,
1281 331 1350 368 ubi

163 400 321 431 montes
348 393 491 431 finiunt
516 392 778 430 Thebaidem.
834 393 884 430 ab
910 395 957 430 iis
983 392 1132 444 oppida
1159 391 1350 438 Mercuri,

164 455 420 501 Alabastron,
473 455 628 492 Canum
681 461 723 492 et
775 468 894 506 supra
946 454 1100 492 dictum
1153 453 1349 492 Herculis.

163 517 311 555 deinde
335 518 524 554 Arsinoes
549 530 594 554 ac
617 519 698 553 iam
721 516 831 554 dicta
858 515 1075 567 Memphis,
1098 518 1205 553 inter
1228 529 1350 567 quam

165 585 208 617 et
222 580 456 616 Arsinoiten
470 592 618 615 nomon
634 581 674 614 in
691 578 842 628 Libyco
858 584 988 615 turres
1001 591 1104 628 quae
1120 577 1350 628 pyramides

165 646 370 685 vocantur,
396 639 647 690 labyrinthus
674 642 714 676 in
744 639 937 677 Moeridis
963 639 1052 676 lacu
1078 639 1186 677 nullo
1212 638 1352 677 addito

164 702 272 753 ligno
319 702 607 740 exaedificatus
655 708 698 739 et
745 701 938 752 oppidum
985 700 1174 738 Crialon.1
1227 713 1352 738 unum

164 771 377 815 praeterea
409 767 515 801 intus
549 769 592 801 et
624 764 799 800 Arabiae
831 765 1126 800 conterminum
1158 762 1352 800 claritatis

165 839 351 877 magnae,
370 825 468 863 Solis
487 825 690 876 oppidum.

217 887 296 925 Sed
323 891 407 925 iure
434 887 623 925 laudetur
649 890 688 924 in
717 887 834 925 litore
861 888 1057 938 Aegyptii
1083 889 1204 924 maris
1230 886 1352 924 Alex·

165 950 303 987 andria
326 963 349 986 a
375 947 527 1000 Magno
550 949 782 986 Alexandro
803 949 967 986 condita
989 951 1029 986 in
1052 947 1214 986 Africae
1235 954 1352 999 parte

166 1012 216 1048 ab
240 1014 342 1049 ostio
367 1011 567 1062 Canopico
590 1012 646 1048 yffi
671 1025 709 1062 p.
735 1013 850 1048 iuxta
875 1010 1093 1048 Mareotim
1119 1010 1264 1056 lacum,
1285 1012 1352 1061 qui

165 1073 272 1110 locus
315 1079 436 1110 antea
479 1072 678 1110 Rhacotes
721 1073 1014 1110 nominabatur.
1069 1078 1248 1110 metatus
1290 1078 1354 1109 est

166 1148 255 1172 eam
277 1134 526 1172 Dinochares
547 1133 790 1172 architectus
811 1134 989 1185 pluribus
1009 1133 1138 1172 modis
1158 1147 1354 1171 memora-

166 1197 234 1233 bili
255 1200 431 1248 ingcnio,
449 1200 501 1234 T
521 1211 558 1247 p.
589 1196 758 1234 laxitate
778 1199 928 1233 insessa
950 1195 1001 1233 ad
1020 1196 1193 1247 effigiem
1217 1195 1353 1233 Mace-

165 1258 332 1296 donicae
366 1257 588 1309 chlamydis
621 1259 717 1295 orbe
751 1263 896 1309 gyrato
930 1258 1174 1303 laciniosam,
1207 1257 1354 1295 dextra

167 1320 359 1371 laevaque
386 1320 577 1371 anguloso
601 1333 805 1371 procursu,
830 1322 911 1357 iam
936 1325 1024 1358 tum
1048 1325 1187 1357 tamen
1212 1321 1353 1370 quinta

165 1385 264 1419 situs
278 1388 393 1433 parte
409 1385 544 1433 regiae
558 1382 704 1419 dicata.
763 1381 958 1419 Mareotis
972 1381 1080 1418 lacus
1095 1394 1117 1418 a
1131 1381 1354 1419 meridiana

167 1445 273 1482 urbis
297 1450 413 1495 parte
439 1447 576 1495 euripo
601 1457 623 1481 e
649 1443 850 1494 Canopico
874 1445 977 1481 ostio
1001 1445 1129 1481 mittit
1153 1456 1204 1480 ex
1228 1442 1354 1480 medi-

166 1512 352 1543 terraneo
369 1508 623 1550 commercia,
639 1505 787 1542 insulas
804 1518 963 1556 quoque
980 1505 1113 1556 plures
1131 1504 1354 1555 amplexus,

167 1569 239 1604 ffi
264 1570 450 1612 traiectu,
475 1570 543 1606 &cz
566 1568 735 1612 ambitu,
760 1574 805 1604 ut
830 1567 955 1604 tradit
979 1566 1168 1604 Claudius
1193 1566 1351 1603 Caesar.

167 1628 232 1665 alii
270 1628 463 1667 schoenos
503 1631 544 1666 in
584 1628 878 1680 longitudinem
918 1635 1059 1679 patere
1101 1640 1148 1666 XL
1187 1627 1353 1674 faciunt,

393 1757 405 1776 ²
429 1755 630 1789 Crocodilon
649 1756 830 1788 Hardouin
848 1766 886 1788 ez
905 1755 985 1788 Hdt.
1004 1755 1051 1788 Π.
1075 1756 1147 1788 147.

210 1893 225 1907 ⁰
248 1889 295 1919 At
313 1887 394 1920 XII.
411 1889 453 1920 53
476 1887 577 1930 Pliny
593 1888 688 1929 gives
705 1887 764 1919 the
786 1888 944 1920 schoenus
964 1889 999 1927 (a
1020 1886 1160 1918 Persian
1183 1887 1352 1924 measure)

166 1941 204 1962 as
228 1931 338 1962 either
361 1933 404 1963 40
426 1940 465 1962 or
488 1932 528 1964 32
552 1930 669 1962 stades
693 1933 762 1970 (see
787 1941 819 1972 p.
845 1932 898 1967 98,
922 1940 956 1962 n.
972 1932 1020 1969 a),
1044 1930 1105 1962 viz.
1130 1929 1248 1971 nearly
1271 1931 1291 1961 5
1314 1938 1353 1960 or

167 1974 285 2016 nearly
303 1976 322 2005 4
340 1973 446 2006 miles.

170 2052 240 2090 266
