1515 2351
396 119 525 156 PLIN
528 119 565 156 Y
580 132 588 156 ε
640 119 676 155 N
680 118 906 156 ATURAL
942 118 1184 158 HISTORY

194 223 453 273 Aethiopiae,
477 225 588 260 cuius
614 235 748 273 neque
772 223 1010 274 magnitudo
1035 236 1167 274 neque
1192 223 1379 262 interval-

193 287 275 325 lum
291 301 314 324 a
329 290 566 324 continente
580 293 739 324 constat
754 299 763 331 ;
795 286 1019 338 Aethiopas
1034 293 1196 325 tantum
1211 288 1379 338 populos

116 356 177 387 199
195 351 346 389 habere
368 351 562 402 proditur.
617 350 800 402 Ephorus
823 357 962 389 auctor
984 357 1046 389 est
1068 365 1091 389 a
1115 352 1249 390 Rubro
1274 351 1379 389 Mari

193 419 419 467 navigantis
449 418 491 454 in
519 429 610 454 eam
639 430 719 453 non
746 429 865 466 posse
892 422 1058 467 propter
1086 417 1246 454 ardores
1275 416 1381 454 ultra

194 481 388 532 quasdam
416 481 622 518 columnas
646 482 720 530 (ita
748 481 1006 531 appellantur
1033 494 1183 532 parvae
1209 481 1380 532 insulae)

192 545 369 596 provehi.
426 545 613 596 Polybius
648 549 691 582 in
725 551 910 584 extrema
948 545 1207 583 Mauretania
1241 551 1381 585 contra

192 616 373 648 montem
400 610 612 648 Atlantem
639 624 661 647 a
688 616 796 647 terra
821 610 955 648 stadia
982 623 1054 647 vm
1081 610 1221 648 abesse
1249 610 1382 661 prodit

194 675 365 719 Cernen,
421 675 555 726 Nepos
611 675 817 713 Cornelius
873 688 923 713 ex
978 675 1144 713 adverso
1202 677 1381 713 maxime

193 739 446 790 Carthaginis
478 754 499 776 a
529 743 762 777 continente
797 753 836 790 p.
867 739 905 785 ᾗ,
934 753 1014 778 non
1047 740 1282 790 ampliorem
1310 742 1382 778 cir-

191 808 302 842 cuitu
344 805 387 843 1—1.
444 805 617 842 traditur
655 811 697 842 et
736 805 817 842 alia
855 805 984 842 insula
1021 811 1162 842 contra
1199 811 1379 843 montem

192 870 418 915 Altantem,
433 876 475 908 et
490 873 577 920 ipsa
592 870 770 907 Atlantis
786 870 995 920 appellata
1008 881 1017 913 ;
1049 869 1100 907 ab
1115 883 1165 907 ea
1179 882 1211 907 11
1225 869 1380 907 dierum

192 938 549 986 praenavigatione
574 935 810 972 solitudines
836 934 888 972 ad
913 933 1137 984 Aethiopas
1164 933 1380 984 Hesperios

195 1006 236 1037 et
268 1002 590 1050 promunturium
623 999 730 1050 quod
762 1001 989 1036 vocavimus
1022 998 1209 1049 Hesperu
1241 998 1378 1043 Ceras,

192 1064 286 1101 inde
319 1067 492 1114 primum
526 1067 826 1115 circumagente
860 1077 902 1101 se
937 1069 1137 1102 terrarum
1171 1062 1304 1101 fronte
1338 1065 1378 1100 in

112 1134 175 1164 200
194 1143 378 1166 occasum
409 1143 454 1166 ac
484 1142 597 1166 mare
627 1128 892 1166 Atlanticum.
945 1134 1086 1166 contra
1115 1127 1189 1165 hoc
1220 1141 1380 1179 quoque

194 1197 514 1243 promunturium
527 1193 734 1244 Gorgades
746 1193 898 1231 insulae
910 1199 1137 1236 narrantur,
1149 1192 1381 1243 Gorgonum

195 1259 397 1308 quondam
446 1258 602 1302 domus,
649 1258 760 1295 bidui
807 1260 1066 1308 navigatione
1112 1257 1309 1294 distant&
1357 1270 1379 1293 a

192 1326 441 1368 continente,
498 1329 542 1360 ut
598 1323 726 1360 tradit
782 1321 1010 1372 Xenophon
1070 1321 1380 1372 Lampsacenus.

193 1391 421 1438 penetravit
473 1391 514 1425 in
565 1401 633 1425 eas
685 1386 832 1424 Hanno
885 1386 1109 1424 Poenorum
1161 1388 1382 1436 imperator

192 1453 452 1504 prodiditque
478 1451 584 1490 hirta
611 1451 851 1490 feminarum
879 1464 1057 1501 corpora,
1084 1454 1186 1488 viros
1213 1453 1382 1501 pernici-

191 1523 279 1554 tate
315 1520 511 1561 evasisse3
562 1517 814 1567 duarumque
850 1515 1084 1566 Gorgadum
1117 1521 1231 1552 cutes
1265 1528 1382 1566 argu-

193 1585 318 1619 menti
351 1588 393 1619 et
424 1581 605 1619 miraculi
635 1584 769 1632 gratia
799 1584 840 1618 in
872 1581 1033 1618 Iunonis
1063 1580 1218 1630 templo
1248 1582 1381 1630 posuit

113 1651 172 1682 201
195 1652 398 1697 spectatas
422 1660 548 1697 usque
571 1646 623 1684 ad
645 1645 934 1696 Carthaginem
954 1651 1130 1695 captam.
1184 1644 1290 1682 ultra
1310 1643 1382 1681 has

193 1714 415 1748 etiamnum
466 1712 571 1748 duae
621 1710 890 1761 Hesperidum
945 1709 1099 1747 insulae
1148 1714 1382 1752 narrantum

192 1775 375 1826 adeoque
413 1779 546 1813 omnia
581 1778 685 1812 circa
724 1774 797 1812 hoc
833 1777 985 1812 incerta
1020 1779 1112 1811 sunt
1148 1779 1193 1811 ut
1228 1772 1380 1810 Statius

240 1946 254 1961 ⁶
280 1942 405 1973 Hanno
424 1941 533 1973 called
552 1940 647 1972 these
667 1941 802 1972 nativos
820 1938 968 1981 goi-illas,
986 1938 1050 1970 but
1068 1938 1151 1979 they
1171 1947 1256 1970 were
1274 1937 1382 1979 really

195 1985 432 2026 chimpanzees
448 1995 487 2016 or
504 1984 667 2016 baboons.

188 2048 260 2090 486
