1515 2351
128 384 166 415 16

128 1086 166 1117 17

131 1633 169 1664 18

393 119 561 158 PLINY
575 134 584 157 ι
636 119 902 158 NATURAL
938 119 1177 157 HISTORY

193 225 341 260 victum
360 225 444 260 eius
465 222 645 260 animalis
664 224 934 273 promiscuum
956 221 1016 259 his
1040 235 1129 260 esse
1153 227 1196 260 et
1218 221 1378 260 dividua

194 300 367 338 ferarum
386 303 546 338 viscera.

246 378 430 416 Iunctam
451 378 700 429 Aethiopum
721 384 889 429 gentem
911 392 1009 429 quos
1030 377 1216 416 Perorsos
1236 384 1379 416 vocant

193 459 289 494 satis
326 463 498 494 constat.
555 456 655 494 Iuba
694 455 916 495 Ptolemaei
953 462 1084 508 pater,
1123 459 1189 507 qui
1228 459 1379 507 primus

194 538 353 585 utrique
375 535 656 573 Mauretaniae
675 537 936 586 imperitavit,
953 535 1178 572 studiorum
1196 535 1379 573 claritate

194 614 488 651 memorabilior
511 616 634 651 etiam
659 627 779 664 quam
802 627 941 664 regno,
964 613 1107 650 similia
1129 613 1306 664 prodidit
1328 612 1379 651 de

194 692 377 737 Atlante,
408 698 650 743 praeterque
681 694 792 742 gigni
824 691 991 729 herbam
1021 692 1075 728 ibi
1108 690 1380 742 euphorbeam

195 772 354 807 nomine
383 770 434 805 ab
462 772 670 807 inventore
699 769 857 806 medico
884 782 955 806 suo
983 768 1243 820 appellatam,
1270 771 1381 806 cuius

194 847 368 884 lacteum
399 861 538 885 sucum
568 849 675 884 miris
705 846 889 884 laudibus
919 846 1099 884 celebrat
1129 849 1168 883 in
1197 845 1381 884 claritate

196 928 299 963 visus
321 931 541 976 contraque
565 931 775 976 serpentes
799 931 841 962 et
863 938 1018 962 venena
1040 927 1173 961 omnia
1195 926 1381 975 privatim

193 1003 328 1041 dicato
348 1004 673 1041 volumine—Et
692 1006 789 1041 satis
809 1016 1008 1054 superque
1029 1003 1080 1041 de
1100 1002 1281 1041 Atlante.

243 1082 483 1133 Tingitanae
511 1084 736 1132 provinciae
763 1081 974 1132 longitudo
1002 1083 1096 1118 ff
1124 1087 1198 1118 est.
1237 1086 1382 1132 gentes

196 1163 234 1197 in
255 1173 323 1197 ea:
359 1160 561 1210 quondam
580 1163 797 1211 praecipua
819 1159 1054 1197 Maurorum
1074 1159 1198 1208 (unde
1218 1159 1381 1210 nomen)

195 1252 293 1289 quos
321 1239 501 1290 plerique
535 1238 760 1276 Maurusios
791 1238 995 1282 dixerunt,
1025 1243 1241 1275 attenuata
1269 1237 1382 1275 bellis

195 1316 246 1354 ad
257 1330 403 1367 paucas
415 1316 557 1354 recidit
569 1316 749 1353 familias.
805 1318 985 1366 proxima
997 1315 1050 1352 illi
1066 1315 1382 1366 Masaesylorum

196 1393 350 1438 fuerat3
397 1394 514 1431 simili
548 1394 668 1431 modo
701 1396 883 1431 extincta
916 1399 989 1431 est.
1046 1393 1245 1430 Gaetulae
1279 1406 1382 1430 nunc

196 1478 339 1509 tenent
363 1478 522 1523 gentes,
546 1471 743 1509 Baniurae
769 1471 977 1522 multoque
1003 1471 1231 1508 validissimi
1257 1472 1382 1509 Auto-

197 1549 298 1587 teles
323 1556 366 1587 et
389 1549 530 1587 horum
553 1563 644 1600 pars
669 1549 871 1600 quondam
898 1549 1063 1594 Nesimi,
1087 1551 1153 1599 qui
1179 1549 1300 1586 avolsi
1324 1548 1383 1586 his

196 1630 395 1678 propriam
428 1627 561 1665 fecere
593 1633 760 1678 gentem
793 1629 894 1664 versi
927 1627 977 1664 ad
1009 1626 1243 1678 Aethiopas.
1299 1629 1383 1678 ipsa

197 1708 397 1756 provincia
430 1706 480 1742 ab
514 1708 669 1743 oriente
703 1710 915 1742 montuosa
948 1704 1028 1743 fert
1061 1704 1311 1756 elephantos,
1344 1706 1382 1741 in

198 1783 330 1834 Abyla
367 1796 526 1834 quoque
565 1792 703 1820 monte
742 1789 785 1820 et
823 1796 921 1834 quos
958 1782 1124 1834 Septem
1165 1782 1323 1820 Fratres
1360 1795 1382 1819 a

248 1918 261 1932 ‘²
285 1913 482 1949 Milk-wort,
500 1911 692 1952 Euphorbia
710 1911 930 1952 amiquorum.

247 1957 261 1977 θ
287 1957 333 1987 Or
349 1955 501 1997 possibly
519 1955 526 1967 ‘
542 1954 722 1986 dedicated
740 1959 776 1986 to
793 1955 862 1986 him
881 1954 1097 1996 personally.‘

248 2004 260 2019 ⁰
282 1999 366 2031 Now
384 1999 506 2039 Djebel
522 1998 651 2030 Mousa.

207 2057 277 2093 230
