1515 2351
173 618 214 649 78

174 1005 216 1036 79

175 1585 218 1618 80

444 123 635 162 PLINY:
689 125 953 162 NATURAL
991 124 1230 162 HISTORY

239 227 365 265 funda
398 227 608 265 bellicosas
644 227 788 264 Graeci
824 227 1064 278 Gymnasias
1099 227 1250 265 dixere.
1305 229 1431 265 maior

240 297 262 330 ὃ
276 305 314 342 p.
333 297 394 329 est
406 291 673 342 longitudine,
684 294 853 329 circuitu
866 305 959 329 vero
975 297 1165 330 ἀπῆν
1180 304 1256 336 m.;
1282 291 1431 342 oppida

240 355 365 394 habet
397 358 542 393 civium
578 356 847 393 Romanorum
883 355 1064 392 Palmam
1098 362 1141 393 et
1175 355 1431 400 Pollentiam,

242 420 388 457 Latina
413 420 570 457 Cinium
596 427 637 458 et
660 421 814 464 Tucim,
839 426 881 457 et
905 420 1161 457 foederatum
1184 419 1430 457 Bocchorum

241 484 330 522 fujt.
385 485 436 522 ab
454 498 503 522 ea
520 491 596 524 fix
613 485 738 522 distat
757 487 899 529 minor,
915 484 1168 535 longitudine
1184 490 1246 529 iffi,
1263 487 1432 522 circuitu

242 555 307 593 Εἰς
340 552 526 586 civitates
545 548 670 586 habet
692 549 914 592 lamonem,
933 548 1175 593 Saniseram,
1197 548 1430 599 Magonem.

239 627 262 651 a
302 616 452 650 maiore
493 620 550 652 >Tr-1
591 617 630 650 in
672 613 799 650 altum
841 613 956 650 abest
1005 613 1196 663 Capraria
1245 612 1432 650 insidiosa

241 677 474 728 naufragiis,
501 684 542 715 et
573 691 594 715 e
623 681 787 728 regione
814 677 978 715 Palmae
1008 677 1115 715 urbis
1147 677 1357 715 Menariae
1386 690 1432 714 ac

239 742 442 792 Tiquadra
460 748 501 780 et
518 755 640 792 parva
658 742 910 779 Hannibalis.

291 807 415 844 Ebusi
453 813 562 844 terra
599 813 809 856 serpentes
847 806 979 857 fugat,
1016 805 1275 844 colubrariae
1313 809 1433 856 parit,

241 871 332 908 ideo
368 871 516 909 infesta
552 871 736 908 omnibus
773 873 846 908 nisi
884 871 1150 908 Ebusitanam
1186 877 1338 908 terram
1375 874 1433 908 in—

241 935 488 979 ferentibus3
518 935 662 973 Graeci
678 934 922 985 Ophiussam
937 935 1088 972 dixere.
1143 948 1217 973 nec
1231 935 1432 973 cunicolos

241 1000 399 1038 Ebusus
435 1003 567 1051 gignit
602 1000 832 1050 populantis
868 999 1085 1037 Baliarium
1122 1013 1284 1037 messes.
1339 1005 1433 1037 sunt

240 1064 344 1102 aliae
386 1067 527 1116 viginti
570 1064 697 1102 ferme
738 1077 886 1115 parvae
929 1067 1029 1101 mari
1071 1064 1233 1108 vadoso,
1275 1063 1432 1101 Galliae

241 1135 380 1167 autem
420 1143 490 1166 ora
528 1132 571 1166 in
610 1128 794 1166 Rhodani
835 1132 938 1167 ostio
981 1128 1155 1172 Metina,
1194 1142 1287 1166 mox
1328 1142 1433 1179 quae

241 1194 471 1231 Blascorum
514 1200 693 1238 vocatur,
735 1200 777 1232 et
818 1200 901 1231 tres
943 1192 1189 1231 Stoechades
1231 1206 1255 1230 a
1296 1195 1433 1231 vicinis

244 1258 562 1296 Massiliensibus
604 1258 738 1296 dictae
780 1264 946 1308 propter
986 1257 1168 1295 ordinem
1210 1271 1289 1308 quo
1330 1260 1433 1295 sitae

243 1329 349 1360 sunt.
404 1326 566 1360 nomina
596 1323 761 1374 singulis
793 1322 928 1367 Prote,
961 1322 1077 1360 Mese
1109 1335 1213 1373 quae
1244 1327 1286 1360 et
1318 1321 1433 1359 Pom-

242 1391 416 1438 poniana
451 1395 630 1432 vocatur,
664 1390 788 1425 tertia
824 1387 1019 1438 Hypaea;
1067 1386 1118 1423 ab
1152 1385 1213 1424 his
1248 1386 1433 1431 Iturium,

243 1451 457 1496 Phoenice,
475 1451 603 1495 Phila,
623 1452 726 1489 Lero
744 1458 785 1489 et
804 1451 950 1489 Lerina
966 1451 1178 1488 adversum
1195 1450 1433 1501 Antipolim,

242 1519 282 1553 in
301 1529 379 1566 qua
398 1516 564 1553 Berconi
584 1516 719 1566 oppidi
738 1519 946 1553 memoria.

296 1581 364 1618 vl.
395 1581 442 1618 In
477 1581 681 1632 Ligustico
715 1584 813 1617 mari
847 1586 908 1618 est
942 1579 1101 1617 Corsica
1134 1593 1254 1631 quam
1289 1579 1432 1618 Graeci

243 1645 404 1696 Cyrnon
437 1645 708 1696 appellavere,
742 1645 813 1682 sed
845 1645 974 1682 Tusco
1007 1647 1180 1695 propior,
1214 1657 1238 1681 a
1271 1650 1433 1694 septen-

287 1818 302 1833 θ
323 1813 426 1845 Their
447 1812 586 1854 slingers
608 1812 728 1844 served
751 1823 789 1844 as
813 1812 1033 1844 mercenaries
1056 1811 1166 1844 under
1187 1811 1247 1844 the
1269 1810 1432 1854 Carthag-

243 1857 364 1893 inians,
379 1856 446 1887 and
464 1856 549 1887 later
564 1857 616 1887 for
632 1856 751 1888 Rome.

290 1900 303 1920 ⁶
324 1899 397 1931 The
415 1899 479 1930 Iles
495 1899 675 1940 d'Hycroe.

290 1947 302 1962 ¹
325 1943 442 1976 sainte
458 1942 661 1983 Marguerioe
676 1941 718 1973 de
733 1941 860 1973 Lerina.

287 1984 302 2005 ⁴
324 1986 423 2018 Saint
439 1985 597 2017 Honorat
612 1985 654 2017 de
669 1985 797 2016 Lerina.

248 2049 294 2097 58
