1515 2351
130 318 190 350 182

126 948 187 979 183

128 1717 190 1748 184

410 138 578 177 PLINY
593 153 601 176 :
653 138 919 177 NATURAL
955 137 1193 176 HISTORY

211 243 404 286 cubiculi3
427 243 471 280 C.
492 242 702 279 Aufustius
723 254 906 292 egressus
929 254 1021 278 cum
1043 244 1086 278 in
1107 246 1294 279 senatum
1313 243 1394 279 iret

213 312 363 350 offenso
384 311 488 363 pede
510 315 551 349 in
571 314 744 349 comitio.
798 311 956 361 legatus
978 323 1138 361 quoque
1159 313 1227 361 qui
1247 309 1394 348 Rhodi-

209 396 323 420 orum
361 395 522 420 causam
559 385 600 418 in
636 387 780 419 senatu
817 394 965 432 magna
1001 394 1092 418 cum
1129 380 1393 418 admiratione

213 458 400 490 oraverat
419 455 460 488 in
479 452 615 490 limine
635 454 769 488 curiae
788 454 971 501 protinus
991 453 1188 500 expiravit
1207 449 1393 501 progredi

210 522 360 567 volem,
400 521 472 558 Cn.
513 521 685 558 Baebius
725 520 956 571 Tamphilus
996 526 1188 570 praetura
1228 525 1270 558 et
1309 522 1394 570 ipse

210 593 370 630 functus
383 606 473 629 cum
486 605 508 628 a
520 605 647 642 puero
660 594 884 642 quaesisset
895 590 1028 635 horas,
1039 590 1166 628 Aulus
1180 589 1394 640 Pompeius

210 666 252 700 in
264 662 463 712 Capitolio
475 675 566 700 cum
579 661 676 699 deos
689 661 920 705 salutasset,
935 660 1007 698 Μ’.
1024 660 1230 698 Iuventius
1242 660 1395 697 Thalna

210 732 347 770 consul
364 745 454 769 cum
472 732 729 775 sacrificaret,
746 730 789 768 C.
809 730 996 767 Seruilius
1015 729 1143 767 Pansa
1160 743 1251 767 cum
1267 735 1395 767 staret

211 806 252 839 in
272 802 359 839 foro
380 802 432 839 ad
453 802 665 839 tabernam
686 800 783 838 hora
805 800 883 838 diei
904 800 1079 837 secunda
1101 803 1142 837 in
1163 799 1206 838 P.
1227 799 1395 838 fratrem

210 875 382 917 innixus,
423 871 594 909 Baebius
636 871 756 908 iudex
798 871 895 908 dum
936 870 1206 909 vadimonium
1246 869 1395 908 differri

212 943 339 987 iubet,
372 942 429 979 M.
461 942 673 979 Terentius
703 941 833 978 Corax
864 941 959 978 dum
989 940 1160 978 tabellas
1189 940 1327 978 scribit
1355 943 1395 977 in

211 1012 320 1056 foro3
359 1025 434 1049 nec
457 1025 537 1049 non
562 1018 603 1049 et
627 1014 809 1062 proximo
833 1024 952 1056 anno,
976 1010 1071 1048 dum
1095 1010 1290 1048 consulari
1313 1012 1396 1047 viro

211 1086 250 1120 in
294 1096 433 1120 aurem
475 1082 586 1127 dicit,
631 1082 766 1131 Eques
801 1080 1001 1118 Romanus
1037 1086 1132 1118 ante
1166 1080 1395 1130 Apollinem

211 1153 402 1190 eboreum
434 1155 501 1202 qui
532 1158 594 1189 est
624 1154 665 1188 in
695 1151 782 1188 foro
813 1152 1002 1201 Augusti,
1031 1163 1153 1200 super
1182 1163 1320 1188 omnes
1350 1149 1394 1187 C.

212 1223 334 1259 Iulius
362 1222 539 1260 medicus
567 1221 663 1259 dum
691 1224 877 1272 inunguit
904 1220 1112 1271 specillum
1140 1233 1213 1270 per
1239 1219 1395 1258 oculum

209 1292 387 1337 trahens,
423 1293 472 1329 A.
512 1291 685 1329 Manlius
721 1291 946 1341 Torquatus
981 1289 1196 1328 consularis
1230 1303 1322 1327 cum
1356 1292 1396 1327 in

209 1376 309 1400 cena
360 1362 589 1412 placentam
635 1361 864 1411 adpeteret,
912 1360 956 1397 L.
1004 1360 1171 1397 Tuccius
1217 1359 1396 1398 medicus

214 1431 347 1469 Sullae
363 1432 378 1456 1
393 1431 489 1469 dum
505 1431 621 1468 mulsi
633 1434 838 1481 potionem
852 1430 999 1475 haurit,
1012 1430 1165 1480 Appius
1179 1429 1360 1467 Saufeius
1374 1443 1397 1467 e

210 1502 368 1540 balineo
390 1514 572 1539 reversus
595 1515 685 1538 cum
710 1500 881 1538 mulsum
905 1500 1072 1538 bibisset
1095 1513 1294 1550 ovumque
1316 1513 1398 1537 sor-

211 1572 343 1616 beret,
383 1571 427 1609 P.
470 1571 658 1618 Quintius
700 1570 869 1620 Scapula
910 1584 1000 1607 cum
1042 1570 1150 1620 apud
1191 1570 1396 1620 Aquilium

212 1642 373 1679 Gallum
397 1647 576 1686 cenaret,
601 1641 791 1678 Decimus
816 1640 998 1677 Saufeius
1022 1640 1152 1677 scriba
1175 1653 1266 1676 cum
1289 1639 1396 1677 dorni

213 1725 308 1749 suae
338 1711 568 1761 pranderet.
623 1710 829 1748 Cornelius
861 1709 998 1747 Gallus
1028 1712 1250 1759 praetorius
1281 1715 1323 1747 et
1351 1709 1395 1754 T,

216 1782 431 1819 Hetereius
455 1781 590 1832 Eques
613 1780 814 1817 Romanus
838 1783 879 1817 in
899 1793 1044 1817 venere
1067 1780 1218 1824 obiere,
1237 1785 1279 1817 et
1299 1792 1396 1830 quos

212 1857 349 1888 nostra
366 1851 572 1888 adnotavit
591 1856 702 1887 aetas
721 1849 800 1887 duo
818 1852 1015 1900 equestris
1032 1849 1178 1886 ordinis
1196 1852 1236 1886 in
1254 1848 1397 1887 eodem

654 1978 826 2022 ssDetleseen
842 1992 849 2011 ι
879 1978 988 2011 Valla.

212 2059 284 2096 628

1504 2214 1515 2331 ·-—-
