1515 2351
410 145 575 182 PLINY
592 159 601 182 ι
654 145 919 182 NATURAL
956 144 1192 182 HISTORY

209 261 303 285 vero
328 254 470 286 tantae
496 250 749 299 proceritatis
775 253 821 284 ut
848 247 1005 298 singula
1030 246 1258 284 internodia
1284 246 1398 284 alveo

142 317 183 348 22
209 312 422 364 navigabili
448 319 584 349 ternos
610 312 812 349 interdum
838 311 1019 349 homines
1045 311 1190 349 ferant.
1251 311 1399 349 multos

208 377 262 413 ibi
293 380 414 427 quina
441 378 578 414 cubita
606 382 765 413 constat
794 376 1046 426 longitudine
1077 375 1289 420 excedere,
1319 388 1397 412 non

209 454 400 491 expuere,
424 454 503 478 non
526 443 669 491 capitis
692 446 763 477 aut
786 440 970 478 dentium
994 446 1066 477 aut
1089 439 1294 477 oculorum
1318 439 1398 477 ullo

208 505 344 542 dolore
377 505 507 549 adfici,
539 518 627 542 raro
660 504 826 541 aliarum
858 507 1032 555 corporis
1064 507 1264 555 partium:
1311 510 1396 541 tam

208 569 418 606 moderato
449 569 540 606 solis
573 581 719 619 vapore
752 569 908 612 durari3
954 567 1210 620 philosophos
1242 581 1396 613 eorum,

209 647 307 684 quos
332 632 681 685 gymnosophistas
707 639 865 678 vocant,
890 634 941 670 ab
966 638 1109 670 exortu
1135 632 1187 670 ad
1211 645 1396 670 occasum

208 704 388 748 perstare
401 703 641 735 contuentes
655 697 779 735 solem
792 697 1046 735 inmobilibus
1059 697 1196 742 oculis,
1209 696 1399 735 ferventi-

208 763 282 799 bus
312 761 469 799 harenis
497 768 586 799 toto
615 762 680 800 die
711 762 874 799 alternis
905 762 1075 812 pedibus
1104 764 1303 799 insistere.
1358 763 1398 798 in

208 833 346 864 monte
382 829 444 863 cui
481 839 628 864 nomen
664 832 727 863 est
765 826 867 863 Nulo
904 825 1084 864 homines
1121 839 1209 863 esse
1246 828 1395 863 aversis

142 896 183 926 23
206 891 353 941 plantis
384 897 548 928 octonos
579 891 728 941 digitos
759 893 799 927 in
831 890 995 941 singulis
1027 889 1225 928 habentes
1258 895 1398 927 auctor

209 961 271 992 est
302 954 606 1006 MegastheneS,
634 958 673 992 in
704 955 839 992 multis
869 961 1006 992 autem
1036 955 1240 991 montibus
1269 967 1398 1005 genus

209 1018 414 1056 hominum
445 1020 642 1070 capitibus
672 1022 822 1056 caninis
854 1019 1028 1057 ferarum
1060 1018 1229 1070 pellibus
1262 1018 1397 1063 velari,

208 1097 279 1134 pro
302 1097 396 1121 voce
420 1084 610 1121 latratum
641 1084 776 1128 edere,
799 1084 1000 1134 unguibus
1022 1090 1223 1120 armatum
1247 1089 1397 1120 venatu

209 1153 252 1185 et
278 1151 448 1199 aucupio
475 1151 602 1191 vesci3
641 1147 781 1186 horum
808 1161 928 1198 supra
954 1148 1028 1184 cyr—x
1052 1147 1174 1185 fuisse
1202 1147 1400 1198 prodente

208 1224 263 1249 se.
305 1212 461 1250 Ctesias
476 1213 613 1250 scribit
629 1218 672 1250 et
687 1215 727 1249 in
744 1212 919 1263 quadam
935 1218 1059 1264 gente
1075 1212 1215 1249 Indiae
1230 1211 1399 1249 feminas

208 1277 332 1314 semel
351 1279 392 1314 in
411 1280 493 1314 vita
512 1290 652 1327 parere
672 1280 912 1328 genitosque
932 1276 1144 1314 confestim
1163 1288 1400 1320 canescere3

209 1341 316 1378 idem
365 1340 573 1379 hominum
622 1355 750 1392 genus
801 1344 867 1392 qui
921 1340 1123 1378 Monocoli
1174 1339 1397 1378 vocentur¹

209 1405 373 1456 singulis
424 1407 604 1444 cruribus
657 1409 781 1444 mirae
834 1408 1085 1456 pernicitatis
1137 1405 1188 1443 ad
1239 1405 1402 1450 saltum,

213 1469 376 1508 eosdem
404 1470 621 1521 Sciapodas
641 1473 787 1515 vocari,
806 1470 914 1521 quod
934 1473 973 1507 in
993 1473 1130 1507 maiori
1153 1477 1270 1507 aestu
1290 1469 1400 1506 humi

210 1537 388 1572 iacentes
416 1538 590 1585 resupini
621 1536 762 1572 umbra
789 1548 832 1572 se
859 1534 1010 1586 pedum
1038 1540 1280 1585 protegant3
1321 1547 1401 1571 non

210 1597 327 1648 longe
368 1612 435 1636 eos
475 1613 499 1636 a
536 1599 778 1650 Trogodytis
817 1599 973 1644 abesse,
1008 1611 1221 1649 rursusque
1257 1598 1308 1636 ab
1341 1597 1401 1635 his

208 1663 461 1701 occidentem
507 1677 643 1701 versus
690 1663 884 1714 quosdam
935 1665 1019 1700 sine
1070 1665 1222 1700 cervice
1269 1661 1402 1700 oculos

142 1730 183 1761 24
207 1729 246 1763 in
298 1730 445 1765 umeris
491 1727 700 1765 habentes.
767 1734 860 1765 sunt
912 1734 954 1765 et
1005 1730 1130 1778 satyri
1181 1727 1402 1764 subsolanis

613 1816 625 1836 ¹
649 1816 770 1857 Simq:
799 1821 1016 1848 vocarentur.

515 1968 530 1983 ⁰
554 1963 761 1995 Μονόκωλοι.

516 2005 529 2024 ⁴
555 2006 738 2038 Doubtless
755 2017 776 2038 ει
794 2006 876 2038 kind
893 2007 932 2038 of
944 2007 1104 2049 monkey.

212 2081 284 2118 520
