1515 2351
393 133 585 171 PLINY:
637 133 860 172 NATURA
870 134 903 171 L
941 134 1179 172 HISTORY

195 237 387 287 oppidum
434 242 497 274 est
543 236 801 282 Veleiatium,
841 240 883 274 in
928 250 1007 288 quo
1048 250 1095 275 cx
1139 250 1262 276 annos
1308 250 1380 277 sex

196 291 395 334 detulere,
424 296 617 340 quattuor
645 303 740 328 vero
773 297 964 328 centenos
993 294 1166 337 vicenos,
1194 305 1295 329 unus
1323 304 1381 337 CL,

114 351 176 381 164
203 345 260 382 M.
286 345 443 381 Mucius
467 344 525 381 M.
548 344 648 380 filius
679 344 840 382 Galeria
871 345 995 382 Felix.
1049 358 1095 382 ac
1124 358 1175 382 ne
1203 345 1380 395 pluribus

114 724 175 755 165

115 1207 177 1238 166

119 1689 178 1720 167

197 411 400 434 moremur
430 401 469 434 in
499 410 543 434 re
572 397 769 442 confessa,
798 401 838 434 in
868 401 1034 449 regione
1065 398 1210 436 Italiae
1240 404 1382 436 octava

197 458 414 488 centenum
453 463 648 487 annorum
686 454 794 488 censi
832 458 926 488 sunt
963 451 1144 489 homines
1182 464 1260 497 mv,
1290 465 1381 490 cen-

197 511 338 542 tenum
385 504 534 541 denum
581 503 761 542 homines
808 517 889 549 x1v,
935 511 1153 542 centenum
1199 509 1382 543 vicenum

198 562 363 609 quinum
394 557 574 595 homines
604 558 697 602 du0,
726 564 943 595 centenum
971 562 1171 596 tricenum
1200 557 1381 596 homines

198 618 404 662 quattuor,
425 618 642 648 centenum
664 615 862 649 tricenum
885 615 1051 662 quinum
1074 618 1145 649 aut
1166 618 1381 662 septenum

197 666 384 709 totidem,
402 671 619 702 centenum
640 665 943 716 quadragenum
962 665 1142 703 homines
1161 672 1257 703 tres.

251 719 341 756 Alia
374 719 631 755 mortalitatis
666 722 956 756 inconstantia:
1004 719 1203 756 Homerus
1239 719 1381 757 eadem

198 779 317 810 nocte
360 778 474 809 natos
518 773 739 809 Hectorem
782 778 825 810 et
868 772 1161 823 Polydamanta
1202 772 1382 818 tradidit,

197 832 283 863 tam
309 826 490 863 diversae
515 829 634 862 sortis
655 829 781 869 viros;
815 825 858 863 C.
884 826 1015 863 Mario
1039 826 1110 864 Cn.
1131 826 1314 864 Carbone
1334 839 1381 864 111

197 893 295 917 coss.
311 892 345 916 a.
359 879 398 917 d.
412 893 448 916 v.
465 879 541 916 kal.
558 879 690 916 Iunias
711 879 767 916 M.
783 878 940 916 Caelius
954 879 1079 917 Rufus
1096 886 1137 917 et
1150 879 1194 917 C.
1209 879 1381 917 Licinius

198 933 341 970 Calvus
386 933 528 970 eadem
571 933 636 970 die
678 936 806 983 geniti
847 939 955 978 sunt,
996 939 1177 971 oratores
1219 933 1381 984 quidem

199 987 331 1031 ambo,
362 986 435 1024 sed
465 993 551 1023 tam
583 986 731 1036 dispari
765 992 925 1024 eventu.
979 986 1053 1024 hoc
1086 990 1210 1024 etiam
1240 987 1381 1025 iisdem

199 1040 304 1078 horis
346 1040 601 1077 nascentibus
643 1043 683 1077 in
725 1046 813 1077 toto
853 1040 1004 1078 mundo
1043 1040 1191 1078 cotidie
1234 1043 1382 1085 evenit,

199 1097 431 1144 pariterque
475 1094 624 1131 domini
668 1107 713 1130 ac
756 1096 859 1131 servi
903 1097 1138 1145 gignuntur,
1180 1107 1295 1146 reges
1341 1100 1383 1132 et

197 1151 348 1197 inopes.

254 1202 299 1239 L.
331 1201 373 1239 P.
395 1200 600 1238 Cornelius
631 1200 771 1246 Rufus,
791 1204 857 1251 qui
885 1201 1023 1238 consul
1049 1214 1141 1238 cum
1172 1201 1245 1239 Μ’.
1265 1200 1384 1239 Curio

199 1254 289 1299 suit,
319 1255 519 1292 dormiens
549 1254 754 1291 oculorum
784 1258 911 1291 visum
941 1257 1089 1300 amisit,
1118 1268 1209 1292 cum
1239 1254 1280 1292 id
1308 1255 1383 1292 sibi

199 1309 379 1345 accidere
406 1311 636 1345 somniaret.
691 1321 713 1345 e
741 1308 897 1345 diverso
927 1307 1127 1346 Pheraeus
1165 1308 1283 1345 Iason
1316 1308 1385 1346 de-

199 1362 378 1412 ploratus
406 1375 429 1398 a
455 1362 618 1399 medicis
646 1365 823 1398 vomicae
849 1362 1003 1406 morbo,
1027 1375 1118 1399 cum
1146 1368 1319 1400 mortem
1344 1365 1385 1399 in

199 1419 284 1453 acie
306 1421 536 1466 quaereret,
557 1415 766 1452 vulnerato
786 1422 951 1465 pectore
972 1415 1211 1453 medicinam
1233 1418 1385 1453 invenit

201 1483 249 1506 ex
278 1468 404 1506 hoste.
459 1469 507 1515 Q.
538 1469 680 1505 Fabius
711 1469 912 1506 Maximus
939 1469 1076 1506 consul
1101 1469 1210 1519 apud
1235 1469 1383 1506 flumen

202 1523 351 1559 Isaram
407 1523 559 1572 proelio
613 1525 822 1560 commisso
877 1523 1065 1560 adversus
1120 1523 1384 1574 Allobrogum

197 1578 549 1626 Arvernorumque
579 1582 721 1627 gentes
751 1589 786 1613 a.
817 1576 856 1613 d.
885 1589 938 1613 v1.
964 1576 1015 1614 id.
1043 1577 1262 1627 AugustaS,
1288 1581 1385 1615 Cx—xit

199 1630 467 1680 perduellium
499 1633 638 1674 caesis,
670 1629 771 1666 febri
803 1636 999 1680 quartana
1029 1630 1221 1667 liberatus
1253 1636 1315 1668 est
1346 1633 1386 1667 in

203 1687 299 1721 acie.
356 1687 552 1720 incertum
583 1696 628 1720 ac
657 1683 799 1733 fragile
831 1686 1016 1720 nimirum
1047 1689 1108 1721 est
1138 1683 1212 1721 hoc
1241 1696 1384 1721 munus

201 1744 384 1781 naturae,
419 1737 608 1787 quicquid
643 1737 762 1773 datur
797 1737 924 1781 nobis,
958 1737 1179 1787 malignum
1213 1750 1308 1774 vero
1343 1743 1385 1775 et

201 1791 322 1828 breve
354 1794 476 1828 etiam
507 1794 547 1827 in
577 1789 635 1826 his
667 1791 809 1840 quibus
840 1790 1058 1841 largissime
1088 1793 1272 1841 contigit,
1301 1793 1387 1828 uni-

609 1969 624 1984 ⁰
647 1965 738 1996 Iliad
755 1966 848 1997 xviii.
864 1966 927 1996 249
939 1964 973 1997 ff.

475 2007 487 2025 '⁵
511 2009 551 2039 82
569 2017 634 2039 nn.
945 2013 956 2027 ‘
982 2009 1034 2039 121
1056 2017 1122 2040 ιιο.

203 2071 274 2105 6¹6
