1515 2351
118 262 162 293 60

120 649 161 679 61

122 1293 163 1323 62

390 89 476 127 PLI
485 90 580 127 NY:
634 88 899 127 NATURAL
936 86 1174 125 HISTORY

186 196 344 230 circiter
398 206 443 230 Lx
497 193 734 244 oppidorum
789 195 981 229 memoria
1035 196 1161 228 extat.
1216 195 1374 228 montes

190 257 392 302 Cadistus,
417 257 574 302 Idaeus,
598 257 890 308 Dictynnaeus‚
913 255 1098 307 Corycus.
1152 257 1239 305 ipsa
1259 255 1375 292 abest

187 324 466 373 promunturio
511 336 581 358 suo
627 321 733 372 quod
777 326 941 358 vocatur
985 319 1285 369 Criumetopon,
1329 324 1375 356 ut

187 387 323 437 prodit
342 387 537 437 Agrippa,
559 399 581 422 a
602 385 849 436 Cyrenarum
867 386 1145 435 promunturio
1165 382 1374 434 Phycunte

189 457 301 495 ff,
336 453 435 487 item
473 449 635 487 Cadisto
671 463 694 486 a
732 449 868 486 Malea
905 447 1167 499 Peloponnesi
1202 453 1316 492 πε,
1353 460 1376 484 a

188 513 390 565 Carpatho
408 514 535 551 insula
551 516 830 564 promunturio
847 512 1034 550 samonio
1047 518 1099 550 ’ῦς
1115 514 1155 548 in
1172 511 1375 549 favonium

189 585 376 622 ventum3
410 577 510 615 haee
529 581 635 615 inter
654 591 744 615 eam
764 583 805 614 et
824 576 1011 614 Rhodum
1029 579 1255 614 interiacet.

241 643 436 694 Reliquae
481 645 585 680 circa
631 655 719 679 eam
766 648 860 679 ante
908 640 1226 692 Peloponnesum
1271 640 1375 678 duae

192 708 382 759 Corycoe,
421 707 593 744 totidem
635 706 786 757 Mylae,
826 712 869 743 et
906 705 1033 743 latere
1071 704 1376 756 septentrionali

189 773 334 810 dextra
376 771 538 809 Cretam
580 770 747 808 habenti
786 776 926 807 contra
967 769 1200 820 Cydoneam
1243 769 1376 807 Leuce

189 843 231 874 et
253 837 357 874 duae
380 836 553 880 Budroe,
575 841 715 872 contra
739 834 914 872 Matium
938 835 1030 879 Dia,
1051 840 1191 871 contra
1214 833 1375 871 Itanum

187 903 510 952 promunturium
540 900 705 950 Onysia,
735 899 884 944 Leuce,
912 905 1053 936 contra
1081 898 1375 950 Hierapytnam

189 965 354 1016 Chrysa,
396 964 569 1002 Gaudos.
625 964 768 1001 eodem
808 969 941 1001 tractu
981 961 1193 1014 Ophiussa,
1232 962 1376 1008 Butoa,

190 1030 380 1074 Ramnus‚
410 1031 766 1079 circumvectisque
798 1027 1084 1078 Criumetopon
1114 1033 1196 1064 tres
1227 1027 1376 1064 Acusa·

189 1108 308 1146 gorus
353 1093 591 1144 appellatae.
647 1099 742 1130 ante
786 1092 1017 1129 Samonium
1054 1094 1376 1142 promunturium

192 1158 363 1203 Phocoe,
402 1157 569 1203 Platiae,
606 1156 815 1201 Stirnides,
854 1155 1091 1201 Naulochos,
1130 1155 1376 1200 Harmedon,

189 1222 382 1274 Zephyre.

242 1289 298 1324 At
328 1290 368 1324 in
401 1286 585 1330 Hellade,
617 1289 839 1323 etiamnum
869 1288 910 1323 in
951 1285 1131 1336 Aegaeo,
1164 1283 1376 1330 Lichades,

190 1351 392 1402 Scarphia,
430 1351 590 1395 Corese,
629 1349 822 1387 Phocasia
857 1350 1148 1400 conpluresque
1185 1349 1286 1387 aliae
1324 1362 1375 1387 ex

191 1416 356 1454 adverso
382 1417 544 1453 Atticae
571 1418 655 1452 sine
681 1415 837 1466 oppidis
863 1420 905 1452 et
929 1414 1022 1451 ideo
1047 1413 1265 1464 ignobiles;
1303 1413 1375 1451 sed

189 1487 329 1518 eontra
354 1480 543 1517 Eleusina
566 1480 673 1516 clara
697 1478 874 1516 Salamis.
930 1485 1024 1516 ante
1050 1492 1139 1516 eam
1165 1477 1374 1530 Psyttalia,

191 1559 215 1583 a
246 1544 367 1582 Sunio
399 1558 491 1581 vero
524 1544 679 1581 Helene
711 1550 735 1582 V
766 1543 930 1581 distans.
985 1543 1079 1580 dein
1111 1543 1212 1580 Ceos
1244 1543 1295 1580 ab
1327 1555 1375 1580 ea

191 1609 378 1653 totidem,
407 1622 527 1659 quam
556 1611 679 1645 nostri
708 1608 870 1659 quidam
898 1608 1037 1645 dixere
1067 1607 1203 1653 Ceam,
1232 1607 1374 1645 Graeci

192 1680 233 1711 et
257 1674 500 1725 Hydrusam,
523 1672 696 1710 avolsam
727 1673 941 1716 Euboeae3
980 1675 1222 1723 quingentos
1255 1671 1374 1722 longa

191 1739 341 1775 stadios
373 1737 449 1774 fuit.
482 1737 697 1788 quondam,
729 1750 821 1774 mox
855 1743 1045 1787 quattuor
1075 1736 1160 1773 fere
1194 1736 1372 1786 partibus

191 1816 294 1854 quae
321 1802 371 1840 ad
396 1802 605 1839 Boeotiam
631 1802 852 1852 vergebant
878 1800 1021 1838 eodem
1048 1802 1146 1837 mari
1171 1800 1373 1838 devoratis

565 1919 581 1935 ⁰
603 1915 689 1947 Now
707 1915 776 1947 Ras
792 1915 926 1947 el-Sem.

191 2022 256 2058 162
