<?xml version="1.0" encoding="UTF-8"?>
<!DOCTYPE html PUBLIC "-//W3C//DTD XHTML 1.0 Transitional//EN"
    "http://www.w3.org/TR/xhtml1/DTD/xhtml1-transitional.dtd">
<html xmlns="http://www.w3.org/1999/xhtml" xml:lang="en" lang="en">
 <head>
  <title>
</title>
<meta http-equiv="Content-Type" content="text/html;charset=utf-8" />
  <meta name='ocr-system' content='tesseract 3.04.00' />
  <meta name='ocr-capabilities' content='ocr_page ocr_carea ocr_par ocr_line ocrx_word'/>
</head>
<body>
  <div class='ocr_page' id='page_1' title='image "./naturalhistory02plinuoft/naturalhistory02plinuoft_0650.png"; bbox 0 0 1515 2351; ppageno 0'>
   <div class='ocr_carea' id='block_1_1' title="bbox 153 596 214 627">
    <p class='ocr_par' dir='ltr' id='par_1_1' title="bbox 153 596 214 627">
     <span class='ocr_line' id='line_1_1' title="bbox 153 596 214 627; baseline 0.016 -1"><span class='ocrx_word' id='word_1_1' title='bbox 153 596 214 627; x_wconf 88' lang='grc'>190</span> 
     </span>
    </p>
   </div>
   <div class='ocr_carea' id='block_1_2' title="bbox 153 1171 210 1202">
    <p class='ocr_par' dir='ltr' id='par_1_2' title="bbox 153 1171 210 1202">
     <span class='ocr_line' id='line_1_2' title="bbox 153 1171 210 1202; baseline 0 0"><span class='ocrx_word' id='word_1_2' title='bbox 153 1171 210 1202; x_wconf 84' lang='grc'>191</span> 
     </span>
    </p>
   </div>
   <div class='ocr_carea' id='block_1_3' title="bbox 435 169 1216 209">
    <p class='ocr_par' dir='ltr' id='par_1_3' title="bbox 435 169 1216 209">
     <span class='ocr_line' id='line_1_3' title="bbox 435 169 1216 209; baseline 0.004 -3"><span class='ocrx_word' id='word_1_3' title='bbox 435 169 602 207; x_wconf 87' lang='lat' dir='ltr'>PLINY</span> <span class='ocrx_word' id='word_1_4' title='bbox 617 183 625 207; x_wconf 94' lang='lat'><strong>:</strong></span> <span class='ocrx_word' id='word_1_5' title='bbox 677 170 943 208; x_wconf 87' lang='lat' dir='ltr'>NATURAL</span> <span class='ocrx_word' id='word_1_6' title='bbox 979 171 1216 209; x_wconf 84' lang='lat' dir='ltr'>HISTORY</span> 
     </span>
    </p>
   </div>
   <div class='ocr_carea' id='block_1_4' title="bbox 233 272 1418 1794">
    <p class='ocr_par' dir='ltr' id='par_1_4' title="bbox 234 272 1417 1154">
     <span class='ocr_line' id='line_1_4' title="bbox 235 272 1416 324; baseline 0.002 -15"><span class='ocrx_word' id='word_1_7' title='bbox 235 272 334 310; x_wconf 89' lang='lat' dir='ltr'>tudo</span> <span class='ocrx_word' id='word_1_8' title='bbox 353 278 415 310; x_wconf 86' lang='lat' dir='ltr'>tot</span> <span class='ocrx_word' id='word_1_9' title='bbox 434 273 600 310; x_wconf 89' lang='lat' dir='ltr'>saeculis</span> <span class='ocrx_word' id='word_1_10' title='bbox 620 275 842 310; x_wconf 85' lang='lat' dir='ltr'>animarum</span> <span class='ocrx_word' id='word_1_11' title='bbox 862 273 956 310; x_wconf 88' lang='lat' dir='ltr'>vell</span> <span class='ocrx_word' id='word_1_12' title='bbox 974 274 1232 311; x_wconf 88' lang='lat' dir='ltr'>umbrarum?</span> <span class='ocrx_word' id='word_1_13' title='bbox 1285 277 1416 324; x_wconf 90' lang='lat' dir='ltr'>pueri-</span> 
     </span>
     <span class='ocr_line' id='line_1_5' title="bbox 234 337 1414 388; baseline 0.002 -15"><span class='ocrx_word' id='word_1_14' title='bbox 234 337 330 373; x_wconf 89' lang='lat' dir='ltr'>lium</span> <span class='ocrx_word' id='word_1_15' title='bbox 360 340 436 374; x_wconf 86' lang='lat' dir='ltr'>ista</span> <span class='ocrx_word' id='word_1_16' title='bbox 464 337 821 374; x_wconf 80' lang='lat' dir='ltr'>deliramentorum</span> <span class='ocrx_word' id='word_1_17' title='bbox 851 337 1071 387; x_wconf 83' lang='lat' dir='ltr'><strong>avidaeque</strong></span> <span class='ocrx_word' id='word_1_18' title='bbox 1101 351 1318 388; x_wconf 87' lang='lat' dir='ltr'><strong>numquam</strong></span> <span class='ocrx_word' id='word_1_19' title='bbox 1347 338 1414 375; x_wconf 90' lang='lat' dir='ltr'>de-</span> 
     </span>
     <span class='ocr_line' id='line_1_6' title="bbox 234 401 1413 440; baseline 0.003 -4"><span class='ocrx_word' id='word_1_20' title='bbox 234 403 365 437; x_wconf 81' lang='lat' dir='ltr'>sinere</span> <span class='ocrx_word' id='word_1_21' title='bbox 401 401 657 438; x_wconf 81' lang='lat' dir='ltr'>mortalitatis</span> <span class='ocrx_word' id='word_1_22' title='bbox 693 407 922 438; x_wconf 83' lang='lat' dir='ltr'>commenta</span> <span class='ocrx_word' id='word_1_23' title='bbox 956 407 1061 438; x_wconf 88' lang='lat' dir='ltr'>sunt.</span> <span class='ocrx_word' id='word_1_24' title='bbox 1121 403 1247 439; x_wconf 81' lang='lat' dir='ltr'>simils</span> <span class='ocrx_word' id='word_1_25' title='bbox 1285 408 1327 440; x_wconf 84' lang='lat' dir='ltr'>et</span> <span class='ocrx_word' id='word_1_26' title='bbox 1363 401 1413 440; x_wconf 89' lang='lat' dir='ltr'>de</span> 
     </span>
     <span class='ocr_line' id='line_1_7' title="bbox 235 464 1414 514; baseline 0.003 -14"><span class='ocrx_word' id='word_1_27' title='bbox 235 464 490 501; x_wconf 72' lang='lat' dir='ltr'>adservandis</span> <span class='ocrx_word' id='word_1_28' title='bbox 536 465 766 514; x_wconf 83' lang='lat' dir='ltr'><strong>corporibus</strong></span> <span class='ocrx_word' id='word_1_29' title='bbox 814 464 1019 502; x_wconf 89' lang='lat' dir='ltr'>hominum</span> <span class='ocrx_word' id='word_1_30' title='bbox 1067 479 1111 502; x_wconf 85' lang='lat' dir='ltr'>ae</span> <span class='ocrx_word' id='word_1_31' title='bbox 1157 465 1414 503; x_wconf 90' lang='lat' dir='ltr'>reviviscendi</span> 
     </span>
     <span class='ocr_line' id='line_1_8' title="bbox 235 529 1413 579; baseline 0.003 -15"><span class='ocrx_word' id='word_1_32' title='bbox 235 531 428 577; x_wconf 90' lang='lat' dir='ltr'>promisso</span> <span class='ocrx_word' id='word_1_33' title='bbox 465 529 686 565; x_wconf 84' lang='lat' dir='ltr'>Democriti</span> <span class='ocrx_word' id='word_1_34' title='bbox 721 532 889 573; x_wconf 75' lang='lat' dir='ltr'>vanitas,</span> <span class='ocrx_word' id='word_1_35' title='bbox 924 532 991 579; x_wconf 92' lang='lat' dir='ltr'>qui</span> <span class='ocrx_word' id='word_1_36' title='bbox 1026 542 1105 566; x_wconf 91' lang='lat' dir='ltr'>non</span> <span class='ocrx_word' id='word_1_37' title='bbox 1139 533 1284 567; x_wconf 86' lang='lat' dir='ltr'>revixit</span> <span class='ocrx_word' id='word_1_38' title='bbox 1318 533 1413 579; x_wconf 89' lang='lat' dir='ltr'>ipse.</span> 
     </span>
     <span class='ocr_line' id='line_1_9' title="bbox 238 592 1415 642; baseline 0.001 -14"><span class='ocrx_word' id='word_1_39' title='bbox 238 605 341 642; x_wconf 87' lang='lat' dir='ltr'>quae</span> <span class='ocrx_word' id='word_1_40' title='bbox 370 592 518 628; x_wconf 90' lang='lat' dir='ltr'>malum</span> <span class='ocrx_word' id='word_1_41' title='bbox 545 595 622 629; x_wconf 90' lang='lat' dir='ltr'>ista</span> <span class='ocrx_word' id='word_1_42' title='bbox 643 592 849 629; x_wconf 85' lang='lat' dir='ltr'>dementia</span> <span class='ocrx_word' id='word_1_43' title='bbox 871 599 932 630; x_wconf 88' lang='lat' dir='ltr'>est</span> <span class='ocrx_word' id='word_1_44' title='bbox 955 596 1091 630; x_wconf 89' lang='lat' dir='ltr'>iterari</span> <span class='ocrx_word' id='word_1_45' title='bbox 1114 596 1237 630; x_wconf 83' lang='lat' dir='ltr'>vitam</span> <span class='ocrx_word' id='word_1_46' title='bbox 1257 593 1415 631; x_wconf 87' lang='lat' dir='ltr'>morte?</span> 
     </span>
     <span class='ocr_line' id='line_1_10' title="bbox 235 657 1415 706; baseline 0.001 -14"><span class='ocrx_word' id='word_1_47' title='bbox 235 669 392 706; x_wconf 88' lang='lat' dir='ltr'>quaeve</span> <span class='ocrx_word' id='word_1_48' title='bbox 418 659 564 706; x_wconf 85' lang='lat' dir='ltr'>genitis</span> <span class='ocrx_word' id='word_1_49' title='bbox 597 659 708 706; x_wconf 90' lang='lat' dir='ltr'>quies</span> <span class='ocrx_word' id='word_1_50' title='bbox 739 669 929 706; x_wconf 88' lang='lat' dir='ltr'>umquam</span> <span class='ocrx_word' id='word_1_51' title='bbox 959 659 990 692; x_wconf 90' lang='lat' dir='ltr'>si</span> <span class='ocrx_word' id='word_1_52' title='bbox 1021 659 1061 693; x_wconf 89' lang='lat' dir='ltr'>in</span> <span class='ocrx_word' id='word_1_53' title='bbox 1090 657 1247 694; x_wconf 86' lang='lat' dir='ltr'>sublimi</span> <span class='ocrx_word' id='word_1_54' title='bbox 1278 670 1415 694; x_wconf 68' lang='lat' dir='ltr'>sensus</span> 
     </span>
     <span class='ocr_line' id='line_1_11' title="bbox 235 719 1416 770; baseline 0.001 -14"><span class='ocrx_word' id='word_1_55' title='bbox 235 722 394 757; x_wconf 83' lang='lat' dir='ltr'>animae</span> <span class='ocrx_word' id='word_1_56' title='bbox 426 727 580 763; x_wconf 89' lang='lat' dir='ltr'>manet,</span> <span class='ocrx_word' id='word_1_57' title='bbox 609 723 714 757; x_wconf 90' lang='lat' dir='ltr'>inter</span> <span class='ocrx_word' id='word_1_58' title='bbox 742 719 889 756; x_wconf 81' lang='lat' dir='ltr'>inferos</span> <span class='ocrx_word' id='word_1_59' title='bbox 920 720 1112 757; x_wconf 85' lang='lat' dir='ltr'>umbrae?</span> <span class='ocrx_word' id='word_1_60' title='bbox 1165 720 1298 770; x_wconf 85' lang='lat' dir='ltr'>perdit</span> <span class='ocrx_word' id='word_1_61' title='bbox 1329 734 1416 770; x_wconf 89' lang='lat' dir='ltr'>pro-</span> 
     </span>
     <span class='ocr_line' id='line_1_12' title="bbox 235 782 1415 834; baseline 0.002 -15"><span class='ocrx_word' id='word_1_62' title='bbox 235 782 342 820; x_wconf 87' lang='lat' dir='ltr'>fecto</span> <span class='ocrx_word' id='word_1_63' title='bbox 364 786 440 820; x_wconf 86' lang='lat' dir='ltr'>ista</span> <span class='ocrx_word' id='word_1_64' title='bbox 461 783 630 820; x_wconf 81' lang='lat' dir='ltr'>dulcedo</span> <span class='ocrx_word' id='word_1_65' title='bbox 651 783 946 834; x_wconf 64' lang='lat' dir='ltr'>credulitasque</span> <span class='ocrx_word' id='word_1_66' title='bbox 968 787 1227 833; x_wconf 84' lang='lat' dir='ltr'>praecipuum</span> <span class='ocrx_word' id='word_1_67' title='bbox 1249 790 1415 822; x_wconf 89' lang='lat' dir='ltr'>naturae</span> 
     </span>
     <span class='ocr_line' id='line_1_13' title="bbox 235 847 1415 897; baseline 0.003 -14"><span class='ocrx_word' id='word_1_68' title='bbox 235 847 398 891; x_wconf 87' lang='lat' dir='ltr'>bonurn,</span> <span class='ocrx_word' id='word_1_69' title='bbox 424 854 610 892; x_wconf 87' lang='lat' dir='ltr'>mortem,</span> <span class='ocrx_word' id='word_1_70' title='bbox 637 860 682 884; x_wconf 89' lang='lat' dir='ltr'>ac</span> <span class='ocrx_word' id='word_1_71' title='bbox 709 847 887 897; x_wconf 82' lang='lat' dir='ltr'>duplicat</span> <span class='ocrx_word' id='word_1_72' title='bbox 914 848 1061 884; x_wconf 90' lang='lat' dir='ltr'>obituri</span> <span class='ocrx_word' id='word_1_73' title='bbox 1087 847 1265 885; x_wconf 87' lang='lat' dir='ltr'>dolorem</span> <span class='ocrx_word' id='word_1_74' title='bbox 1294 851 1415 886; x_wconf 88' lang='lat' dir='ltr'>etiam</span> 
     </span>
     <span class='ocr_line' id='line_1_14' title="bbox 235 911 1417 960; baseline 0.003 -13"><span class='ocrx_word' id='word_1_75' title='bbox 235 917 325 960; x_wconf 86' lang='lat' dir='ltr'>post</span> <span class='ocrx_word' id='word_1_76' title='bbox 350 911 474 948; x_wconf 86' lang='lat' dir='ltr'>futuri</span> <span class='ocrx_word' id='word_1_77' title='bbox 497 914 801 955; x_wconf 80' lang='lat' dir='ltr'>aestimatione3</span> <span class='ocrx_word' id='word_1_78' title='bbox 836 914 987 949; x_wconf 87' lang='lat' dir='ltr'>etenim</span> <span class='ocrx_word' id='word_1_79' title='bbox 1005 914 1037 948; x_wconf 90' lang='lat' dir='ltr'>si</span> <span class='ocrx_word' id='word_1_80' title='bbox 1055 911 1171 949; x_wconf 87' lang='lat' dir='ltr'>dulce</span> <span class='ocrx_word' id='word_1_81' title='bbox 1191 915 1322 950; x_wconf 89' lang='lat' dir='ltr'>vivere</span> <span class='ocrx_word' id='word_1_82' title='bbox 1341 919 1417 957; x_wconf 85' lang='lat' dir='ltr'>est,</span> 
     </span>
     <span class='ocr_line' id='line_1_15' title="bbox 235 975 1417 1026; baseline 0.002 -15"><span class='ocrx_word' id='word_1_83' title='bbox 235 978 296 1011; x_wconf 91' lang='lat' dir='ltr'>cui</span> <span class='ocrx_word' id='word_1_84' title='bbox 338 981 474 1025; x_wconf 86' lang='lat' dir='ltr'>potest</span> <span class='ocrx_word' id='word_1_85' title='bbox 514 988 601 1013; x_wconf 90' lang='lat' dir='ltr'>esse</span> <span class='ocrx_word' id='word_1_86' title='bbox 642 975 813 1012; x_wconf 87' lang='lat' dir='ltr'>vixisse?</span> <span class='ocrx_word' id='word_1_87' title='bbox 867 981 910 1012; x_wconf 81' lang='lat' dir='ltr'>at</span> <span class='ocrx_word' id='word_1_88' title='bbox 950 982 1100 1026; x_wconf 87' lang='lat' dir='ltr'>quanto</span> <span class='ocrx_word' id='word_1_89' title='bbox 1141 975 1293 1013; x_wconf 83' lang='lat' dir='ltr'>facilius</span> <span class='ocrx_word' id='word_1_90' title='bbox 1333 989 1417 1013; x_wconf 89' lang='lat' dir='ltr'>cer-</span> 
     </span>
     <span class='ocr_line' id='line_1_16' title="bbox 235 1039 1416 1090; baseline 0.002 -15"><span class='ocrx_word' id='word_1_91' title='bbox 235 1042 395 1089; x_wconf 82' lang='lat' dir='ltr'>tiusque</span> <span class='ocrx_word' id='word_1_92' title='bbox 422 1039 495 1076; x_wconf 91' lang='lat' dir='ltr'>sibi</span> <span class='ocrx_word' id='word_1_93' title='bbox 525 1052 725 1090; x_wconf 89' lang='lat' dir='ltr'>quemque</span> <span class='ocrx_word' id='word_1_94' title='bbox 753 1039 934 1083; x_wconf 90' lang='lat' dir='ltr'>credere,</span> <span class='ocrx_word' id='word_1_95' title='bbox 961 1041 1165 1089; x_wconf 85' lang='lat' dir='ltr'>specimen</span> <span class='ocrx_word' id='word_1_96' title='bbox 1191 1043 1416 1077; x_wconf 86' lang='lat' dir='ltr'>securitatis</span> 
     </span>
     <span class='ocr_line' id='line_1_17' title="bbox 236 1102 1207 1154; baseline 0.002 -15"><span class='ocrx_word' id='word_1_97' title='bbox 236 1102 395 1140; x_wconf 85' lang='lat' dir='ltr'>futurae</span> <span class='ocrx_word' id='word_1_98' title='bbox 412 1103 427 1126; x_wconf 88' lang='lat'><strong>²</strong></span> <span class='ocrx_word' id='word_1_99' title='bbox 447 1103 711 1154; x_wconf 84' lang='lat' dir='ltr'>antegenitali</span> <span class='ocrx_word' id='word_1_100' title='bbox 730 1116 888 1140; x_wconf 88' lang='lat' dir='ltr'>sumere</span> <span class='ocrx_word' id='word_1_101' title='bbox 909 1104 1207 1152; x_wconf 80' lang='lat' dir='ltr'>experimento!</span> 
     </span>
    </p>

    <p class='ocr_par' dir='ltr' id='par_1_5' title="bbox 233 1166 1418 1665">
     <span class='ocr_line' id='line_1_18' title="bbox 289 1166 1414 1218; baseline 0.002 -15"><span class='ocrx_word' id='word_1_102' title='bbox 289 1167 394 1205; x_wconf 80' lang='lat' dir='ltr'><strong>LVI.</strong></span> <span class='ocrx_word' id='word_1_103' title='bbox 425 1166 750 1205; x_wconf 86' lang='lat' dir='ltr'>Consentaneum</span> <span class='ocrx_word' id='word_1_104' title='bbox 821 1167 993 1211; x_wconf 91' lang='lat' dir='ltr'>videtur,</span> <span class='ocrx_word' id='word_1_105' title='bbox 1059 1170 1291 1218; x_wconf 87' lang='lat' dir='ltr'>priusquam</span> <span class='ocrx_word' id='word_1_106' title='bbox 1358 1167 1414 1205; x_wconf 91' lang='lat' dir='ltr'>di-</span> 
     </span>
     <span class='ocr_line' id='line_1_19' title="bbox 233 1231 1416 1282; baseline 0.003 -15"><span class='ocrx_word' id='word_1_107' title='bbox 233 1231 464 1281; x_wconf 89' lang='lat' dir='ltr'>grediamur</span> <span class='ocrx_word' id='word_1_108' title='bbox 479 1244 502 1268; x_wconf 91' lang='lat' dir='ltr'>a</span> <span class='ocrx_word' id='word_1_109' title='bbox 517 1238 661 1269; x_wconf 85' lang='lat' dir='ltr'>natura</span> <span class='ocrx_word' id='word_1_110' title='bbox 676 1231 895 1275; x_wconf 90' lang='lat' dir='ltr'>hominum,</span> <span class='ocrx_word' id='word_1_111' title='bbox 913 1231 1087 1268; x_wconf 88' lang='lat' dir='ltr'>indicare</span> <span class='ocrx_word' id='word_1_112' title='bbox 1108 1245 1210 1281; x_wconf 86' lang='lat' dir='ltr'>quae</span> <span class='ocrx_word' id='word_1_113' title='bbox 1225 1235 1416 1282; x_wconf 88' lang='lat' dir='ltr'>cuiusque</span> 
     </span>
     <span class='ocr_line' id='line_1_20' title="bbox 234 1295 1418 1346; baseline 0.003 -15"><span class='ocrx_word' id='word_1_114' title='bbox 234 1298 397 1332; x_wconf 89' lang='lat' dir='ltr'>inventa</span> <span class='ocrx_word' id='word_1_115' title='bbox 409 1298 500 1332; x_wconf 90' lang='lat' dir='ltr'>sint.</span> <span class='ocrx_word' id='word_1_116' title='bbox 538 1308 674 1332; x_wconf 89' lang='lat' dir='ltr'>emere</span> <span class='ocrx_word' id='word_1_117' title='bbox 690 1309 734 1332; x_wconf 90' lang='lat' dir='ltr'>ac</span> <span class='ocrx_word' id='word_1_118' title='bbox 751 1295 926 1333; x_wconf 89' lang='lat' dir='ltr'>vendere</span> <span class='ocrx_word' id='word_1_119' title='bbox 937 1295 954 1319; x_wconf 79' lang='lat'><strong>⁸</strong></span> <span class='ocrx_word' id='word_1_120' title='bbox 968 1297 1141 1332; x_wconf 88' lang='lat' dir='ltr'>instituit</span> <span class='ocrx_word' id='word_1_121' title='bbox 1156 1295 1277 1333; x_wconf 89' lang='lat' dir='ltr'>Liber</span> <span class='ocrx_word' id='word_1_122' title='bbox 1286 1302 1418 1346; x_wconf 86' lang='lat' dir='ltr'>pater,</span> 
     </span>
     <span class='ocr_line' id='line_1_21' title="bbox 236 1358 1416 1410; baseline 0.001 -14"><span class='ocrx_word' id='word_1_123' title='bbox 236 1359 341 1396; x_wconf 89' lang='lat' dir='ltr'>idem</span> <span class='ocrx_word' id='word_1_124' title='bbox 358 1359 557 1404; x_wconf 89' lang='lat' dir='ltr'>diadema,</span> <span class='ocrx_word' id='word_1_125' title='bbox 570 1362 726 1410; x_wconf 88' lang='lat' dir='ltr'>regium</span> <span class='ocrx_word' id='word_1_126' title='bbox 742 1362 912 1410; x_wconf 84' lang='lat' dir='ltr'>insigne,</span> <span class='ocrx_word' id='word_1_127' title='bbox 928 1365 970 1396; x_wconf 88' lang='lat' dir='ltr'>et</span> <span class='ocrx_word' id='word_1_128' title='bbox 982 1358 1230 1409; x_wconf 91' lang='lat' dir='ltr'>triumphum</span> <span class='ocrx_word' id='word_1_129' title='bbox 1250 1362 1416 1405; x_wconf 87' lang='lat' dir='ltr'>invenit,</span> 
     </span>
     <span class='ocr_line' id='line_1_22' title="bbox 235 1422 1414 1473; baseline 0.001 -13"><span class='ocrx_word' id='word_1_130' title='bbox 235 1422 355 1460; x_wconf 89' lang='lat' dir='ltr'>Ceres</span> <span class='ocrx_word' id='word_1_131' title='bbox 368 1423 584 1468; x_wconf 83' lang='lat' dir='ltr'>frumenta,</span> <span class='ocrx_word' id='word_1_132' title='bbox 596 1437 686 1461; x_wconf 92' lang='lat' dir='ltr'>cum</span> <span class='ocrx_word' id='word_1_133' title='bbox 699 1429 820 1460; x_wconf 84' lang='lat' dir='ltr'>antea</span> <span class='ocrx_word' id='word_1_134' title='bbox 831 1423 978 1473; x_wconf 84' lang='lat' dir='ltr'>glande</span> <span class='ocrx_word' id='word_1_135' title='bbox 991 1429 1262 1468; x_wconf 80' lang='lat' dir='ltr'>vescerentur,</span> <span class='ocrx_word' id='word_1_136' title='bbox 1273 1423 1414 1462; x_wconf 89' lang='lat' dir='ltr'>eadem</span> 
     </span>
     <span class='ocr_line' id='line_1_23' title="bbox 234 1486 1414 1539; baseline 0.003 -16"><span class='ocrx_word' id='word_1_137' title='bbox 234 1487 385 1524; x_wconf 89' lang='lat' dir='ltr'>molere</span> <span class='ocrx_word' id='word_1_138' title='bbox 410 1494 452 1525; x_wconf 86' lang='lat' dir='ltr'>et</span> <span class='ocrx_word' id='word_1_139' title='bbox 470 1488 665 1525; x_wconf 83' lang='lat' dir='ltr'>conficere</span> <span class='ocrx_word' id='word_1_140' title='bbox 685 1491 725 1524; x_wconf 93' lang='lat' dir='ltr'>in</span> <span class='ocrx_word' id='word_1_141' title='bbox 745 1488 883 1525; x_wconf 87' lang='lat' dir='ltr'>Attica</span> <span class='ocrx_word' id='word_1_142' title='bbox 902 1487 966 1537; x_wconf 83' lang='lat' dir='ltr'>(ut</span> <span class='ocrx_word' id='word_1_143' title='bbox 989 1487 1087 1532; x_wconf 80' lang='lat' dir='ltr'>alii‚⁴</span> <span class='ocrx_word' id='word_1_144' title='bbox 1114 1490 1152 1524; x_wconf 89' lang='lat' dir='ltr'>in</span> <span class='ocrx_word' id='word_1_145' title='bbox 1178 1486 1341 1539; x_wconf 87' lang='lat' dir='ltr'>Sicilia),</span> <span class='ocrx_word' id='word_1_146' title='bbox 1363 1489 1414 1526; x_wconf 92' lang='lat' dir='ltr'>ob</span> 
     </span>
     <span class='ocr_line' id='line_1_24' title="bbox 234 1550 1414 1601; baseline 0.002 -13"><span class='ocrx_word' id='word_1_147' title='bbox 234 1551 275 1588; x_wconf 91' lang='lat' dir='ltr'>id</span> <span class='ocrx_word' id='word_1_148' title='bbox 304 1551 380 1588; x_wconf 87' lang='lat' dir='ltr'>dea</span> <span class='ocrx_word' id='word_1_149' title='bbox 410 1551 595 1588; x_wconf 85' lang='lat' dir='ltr'>iudicata.</span> <span class='ocrx_word' id='word_1_150' title='bbox 650 1551 792 1588; x_wconf 91' lang='lat' dir='ltr'>eadem</span> <span class='ocrx_word' id='word_1_151' title='bbox 816 1554 946 1600; x_wconf 87' lang='lat' dir='ltr'>prima</span> <span class='ocrx_word' id='word_1_152' title='bbox 971 1551 1079 1601; x_wconf 86' lang='lat' dir='ltr'>leges</span> <span class='ocrx_word' id='word_1_153' title='bbox 1102 1550 1228 1596; x_wconf 89' lang='lat' dir='ltr'>dedit,</span> <span class='ocrx_word' id='word_1_154' title='bbox 1248 1552 1348 1590; x_wconf 81' lang='lat' dir='ltr'>aut⁶</span> <span class='ocrx_word' id='word_1_155' title='bbox 1370 1559 1414 1590; x_wconf 90' lang='lat' dir='ltr'>ut</span> 
     </span>
     <span class='ocr_line' id='line_1_25' title="bbox 234 1614 869 1665; baseline 0 -14"><span class='ocrx_word' id='word_1_156' title='bbox 234 1615 297 1651; x_wconf 92' lang='lat' dir='ltr'>alii</span> <span class='ocrx_word' id='word_1_157' title='bbox 316 1621 509 1665; x_wconf 79' lang='lat' dir='ltr'>putavere</span> <span class='ocrx_word' id='word_1_158' title='bbox 529 1614 869 1652; x_wconf 82' lang='lat' dir='ltr'>Rhadamanthus.</span> 
     </span>
    </p>

    <p class='ocr_par' dir='ltr' id='par_1_6' title="bbox 235 1678 1414 1794">
     <span class='ocr_line' id='line_1_26' title="bbox 290 1678 1414 1729; baseline 0.001 -14"><span class='ocrx_word' id='word_1_159' title='bbox 290 1679 463 1716; x_wconf 85' lang='lat' dir='ltr'>Litteras</span> <span class='ocrx_word' id='word_1_160' title='bbox 494 1693 653 1729; x_wconf 88' lang='lat' dir='ltr'>semper</span> <span class='ocrx_word' id='word_1_161' title='bbox 682 1679 853 1715; x_wconf 85' lang='lat' dir='ltr'>arbitror</span> <span class='ocrx_word' id='word_1_162' title='bbox 884 1680 1054 1729; x_wconf 80' lang='lat' dir='ltr'>Assyriis</span> <span class='ocrx_word' id='word_1_163' title='bbox 1085 1678 1220 1724; x_wconf 86' lang='lat' dir='ltr'>fuisse,</span> <span class='ocrx_word' id='word_1_164' title='bbox 1249 1679 1321 1717; x_wconf 90' lang='lat' dir='ltr'>sed</span> <span class='ocrx_word' id='word_1_165' title='bbox 1350 1678 1414 1716; x_wconf 82' lang='lat' dir='ltr'>alii</span> 
     </span>
     <span class='ocr_line' id='line_1_27' title="bbox 235 1742 1413 1794; baseline 0 -14"><span class='ocrx_word' id='word_1_166' title='bbox 235 1743 342 1792; x_wconf 82' lang='lat' dir='ltr'>apud</span> <span class='ocrx_word' id='word_1_167' title='bbox 373 1744 597 1794; x_wconf 77' lang='lat' dir='ltr'>Aegyptios</span> <span class='ocrx_word' id='word_1_168' title='bbox 629 1756 652 1779; x_wconf 91' lang='lat' dir='ltr'>a</span> <span class='ocrx_word' id='word_1_169' title='bbox 687 1743 904 1787; x_wconf 81' lang='lat' dir='ltr'>Mercurio,</span> <span class='ocrx_word' id='word_1_170' title='bbox 936 1748 980 1779; x_wconf 89' lang='lat' dir='ltr'>ut</span> <span class='ocrx_word' id='word_1_171' title='bbox 1013 1742 1181 1787; x_wconf 88' lang='lat' dir='ltr'>Gellius,</span> <span class='ocrx_word' id='word_1_172' title='bbox 1211 1743 1277 1780; x_wconf 80' lang='lat' dir='ltr'>alii</span> <span class='ocrx_word' id='word_1_173' title='bbox 1308 1743 1413 1793; x_wconf 86' lang='lat' dir='ltr'>apud</span> 
     </span>
    </p>
   </div>
   <div class='ocr_carea' id='block_1_5' title="bbox 281 1849 1298 2054">
    <p class='ocr_par' dir='ltr' id='par_1_7' title="bbox 285 1849 731 1890">
     <span class='ocr_line' id='line_1_28' title="bbox 285 1849 731 1890; baseline -0.002 -9"><span class='ocrx_word' id='word_1_174' title='bbox 285 1851 295 1869; x_wconf 87' lang='lat'>¹</span> <span class='ocrx_word' id='word_1_175' title='bbox 321 1849 399 1881; x_wconf 76' lang='lat' dir='ltr'>vel?</span> <span class='ocrx_word' id='word_1_176' title='bbox 420 1849 593 1890; x_wconf 76' lang='lat' dir='ltr'>Mayhoff:</span> <span class='ocrx_word' id='word_1_177' title='bbox 627 1849 731 1880; x_wconf 73' lang='lat' dir='ltr'>velut.</span> 
     </span>
    </p>

    <p class='ocr_par' dir='ltr' id='par_1_8' title="bbox 283 1892 743 1924">
     <span class='ocr_line' id='line_1_29' title="bbox 283 1892 743 1924; baseline -0.004 0"><span class='ocrx_word' id='word_1_178' title='bbox 283 1893 296 1911; x_wconf 85' lang='lat'><em>²</em></span> <span class='ocrx_word' id='word_1_179' title='bbox 319 1893 456 1924; x_wconf 71' lang='lat' dir='ltr'>futurae</span> <span class='ocrx_word' id='word_1_180' title='bbox 471 1892 546 1923; x_wconf 82' lang='lat' dir='ltr'>add.</span> <span class='ocrx_word' id='word_1_181' title='bbox 564 1892 743 1924; x_wconf 70' lang='lat' dir='ltr'>Rackham.</span> 
     </span>
    </p>

    <p class='ocr_par' dir='ltr' id='par_1_9' title="bbox 284 1934 1123 1974">
     <span class='ocr_line' id='line_1_30' title="bbox 284 1934 1123 1974; baseline -0.002 -7"><span class='ocrx_word' id='word_1_182' title='bbox 284 1934 296 1952; x_wconf 83' lang='lat'><strong>¹</strong></span> <span class='ocrx_word' id='word_1_183' title='bbox 320 1936 466 1967; x_wconf 86' lang='lat' dir='ltr'>vendere</span> <span class='ocrx_word' id='word_1_184' title='bbox 481 1936 699 1973; x_wconf 79' lang='lat' dir='ltr'>(Mercurius,</span> <span class='ocrx_word' id='word_1_185' title='bbox 715 1934 945 1972; x_wconf 77' lang='lat' dir='ltr'>vindemiare&gt;</span> <span class='ocrx_word' id='word_1_186' title='bbox 963 1934 1123 1974; x_wconf 80' lang='lat' dir='ltr'>Mayhoff.</span> 
     </span>
    </p>

    <p class='ocr_par' dir='ltr' id='par_1_10' title="bbox 281 1977 1298 2054">
     <span class='ocr_line' id='line_1_31' title="bbox 283 1977 1298 2019; baseline 0.001 -8"><span class='ocrx_word' id='word_1_187' title='bbox 283 1978 297 1997; x_wconf 79' lang='lat'>⁴</span> <span class='ocrx_word' id='word_1_188' title='bbox 320 1979 491 2011; x_wconf 73' lang='lat' dir='ltr'>Rackham</span> <span class='ocrx_word' id='word_1_189' title='bbox 507 1981 563 2019; x_wconf 73' lang='lat' dir='ltr'>(ut,</span> <span class='ocrx_word' id='word_1_190' title='bbox 581 1978 637 2009; x_wconf 81' lang='lat' dir='ltr'>alii</span> <span class='ocrx_word' id='word_1_191' title='bbox 656 1983 691 2009; x_wconf 80' lang='lat' dir='ltr'>et</span> <span class='ocrx_word' id='word_1_192' title='bbox 710 1977 878 2018; x_wconf 72' lang='lat' dir='ltr'>Maylzoff)</span> <span class='ocrx_word' id='word_1_193' title='bbox 894 1989 902 2009; x_wconf 77' lang='lat' dir='ltr'><em>z</em></span> <span class='ocrx_word' id='word_1_194' title='bbox 929 1983 990 2008; x_wconf 77' lang='lat' dir='ltr'>aut</span> <span class='ocrx_word' id='word_1_195' title='bbox 1006 1977 1082 2015; x_wconf 80' lang='lat' dir='ltr'>alia,</span> <span class='ocrx_word' id='word_1_196' title='bbox 1099 1981 1158 2009; x_wconf 80' lang='lat' dir='ltr'>aul</span> <span class='ocrx_word' id='word_1_197' title='bbox 1171 1981 1206 2009; x_wconf 75' lang='lat' dir='ltr'>et</span> <span class='ocrx_word' id='word_1_198' title='bbox 1219 1977 1298 2012; x_wconf 73' lang='lat' dir='ltr'>alia.</span> 
     </span>
     <span class='ocr_line' id='line_1_32' title="bbox 281 2020 666 2054; baseline 0 -2"><span class='ocrx_word' id='word_1_199' title='bbox 281 2020 294 2039; x_wconf 75' lang='lat'><strong>⁶</strong></span> <span class='ocrx_word' id='word_1_200' title='bbox 317 2028 379 2053; x_wconf 79' lang='lat' dir='ltr'>aut</span> <span class='ocrx_word' id='word_1_201' title='bbox 393 2021 468 2054; x_wconf 74' lang='lat' dir='ltr'>add.</span> <span class='ocrx_word' id='word_1_202' title='bbox 486 2021 666 2053; x_wconf 64' lang='lat' dir='ltr'>nack-ham.</span> 
     </span>
    </p>
   </div>
   <div class='ocr_carea' id='block_1_6' title="bbox 237 2083 309 2132">
    <p class='ocr_par' dir='ltr' id='par_1_11' title="bbox 237 2083 309 2132">
     <span class='ocr_line' id='line_1_33' title="bbox 237 2083 309 2132; baseline -0.056 0"><span class='ocrx_word' id='word_1_203' title='bbox 237 2083 309 2132; x_wconf 82' lang='lat'>634</span> 
     </span>
    </p>
   </div>
  </div>
 </body>
</html>
